2950 4684
583 308 764 402 m
1124 336 1490 390 mamona
1543 334 2060 387 nunonem.
2360 328 2436 393 ο.
2469 317 2616 394 130.

587 528 656 599 si
708 545 807 597 ex
857 544 952 596 eo
1005 521 1257 595 morbo
1310 520 1766 609 revaluisse-t,
1799 538 2050 613 regem
2082 516 2395 590 Koutum
2432 537 2609 589 eon-

593 628 846 700 venite
895 623 1127 713 velle3
1180 626 1294 696 sin
1346 644 1526 695 vero
1578 621 1721 693 hoe
1772 632 2013 693 natura
2048 629 2373 711 negaret,
2425 615 2610 688 libe-

591 749 748 800 rum
800 729 961 820 regi
1014 725 1108 797 de
1161 734 1352 796 terra
1403 723 1759 796 statuendi
1802 725 1924 814 jus
1975 724 2313 816 permisit.
2376 721 2608 791 Etiam

589 849 635 900 a
684 848 864 921 rege
887 829 1112 921 petiit,
1161 825 1399 896 Deum
1453 824 1878 909 obtestatum,
1927 832 2010 894 ut
2048 842 2134 894 se
2164 821 2415 893 liberis
2448 821 2612 910 ejus

587 930 887 1002 amioum
935 927 1333 1022 praeberet,
1396 929 1771 1019 omniaque
1823 927 2013 994 inter
2066 944 2237 1010 eos,
2294 926 2406 994 uti
2456 919 2610 1014 pla-

585 1036 794 1104 oeret
820 1032 981 1124 ipsi,
1037 1028 1421 1116 divideret3
1475 1025 1831 1097 intellexit
1861 1027 2068 1112 enim,
2116 1021 2441 1095 fratreml
2478 1017 2610 1090 Ja-

585 1133 960 1205 rimarem
1013 1129 1202 1200 haud
1254 1149 1497 1221 parum
1535 1126 1887 1199 commodi
1930 1140 2023 1196 ex
2053 1132 2397 1220 perpetua
2428 1140 2612 1212 erga

585 1251 838 1324 regem
879 1229 1192 1301 Koutum
1224 1227 1569 1301 fidelitate
1612 1230 2049 1322 percepisse.
2151 1224 2311 1296 Hoc
2344 1225 2607 1297 eodem

586 1331 839 1404 morbo
893 1331 1037 1403 dux
1086 1327 1517 1402 Burizlavus
1569 1331 1758 1399 eirea
1811 1338 2093 1420 tempus
2116 1324 2385 1420 JeJunii
2417 1324 2610 1397 obiit.

584 1430 755 1524 Quo
821 1431 1009 1505 facto
1078 1430 1295 1524 legati
1361 1428 1720 1502 Burizlavi
1789 1431 1876 1500 ad
1964 1444 2211 1519 regem
2292 1426 2607 1497 Knutum

586 1533 932 1629 profecti,
986 1536 1055 1602 ei
1105 1541 1405 1602 mortem
1459 1530 1822 1602 Burizlavi
1874 1532 2317 1614 nuntiarunt,
2370 1542 2607 1622 eaque

588 1633 852 1721 verba,
905 1653 1065 1728 quae
1115 1632 1207 1704 ad
1261 1652 1509 1723 regem
1565 1630 1874 1703 Knutum
1929 1628 2359 1722 perferenda
2414 1620 2606 1699 man-

586 1733 880 1820 dasset,
931 1743 1261 1819 orante&
1313 1742 1389 1805 ut
1417 1731 1769 1827 filiisjejus
1798 1750 2007 1826 opem
2038 1729 2290 1816 ferret,
2339 1731 2605 1800 omnia·

585 1854 731 1929 que
771 1838 979 1906 inter
1051 1852 1227 1920 eos,
1333 1836 1433 1905 uti
1508 1835 1643 1927 ipsi
1708 1833 2116 1918 videretur,
2232 1831 2607 1902 divideret.

586 1934 782 2006 Dei-ii
832 1935 1162 2007 eondieto
1214 1933 1381 2007 loeo
1425 1944 1897 2028 temporeque
1929 1933 2423 2019 conveniendi‚‘
2473 1930 2607 2002 Ni-

585 2036 841 2109 eolaus
893 2046 972 2108 et
1018 2036 1411 2122 HenrieuS,
1461 2032 1821 2105 Burizlavi
1873 2033 2035 2120 filii,
2104 2034 2364 2126 oppido
2415 2031 2604 2103 Vor-

586 2136 874 2231 thungae
926 2137 1338 2223 adfuerunt,
1407 2136 1528 2208 ubi
1583 2156 1718 2206 rex
1767 2134 2055 2206 Knutus
2104 2142 2366 2205 terram
2416 2135 2608 2203 inter

585 2256 728 2309 eos
775 2238 1072 2331 partitus
1125 2249 1261 2323 est,
1313 2237 1566 2331 eisque
1617 2245 1992 2308 curatores
2042 2238 2422 2307 constituit.
2472 2231 2606 2304 Sie

587 2338 808 2430 igitur
873 2358 1009 2407 rex
1073 2335 1360 2408 Knutus
1427 2345 1644 2407 totam
1711 2334 2202 2407 Vindlandiam
2267 2338 2340 2405 in
2399 2356 2603 2407 suam

585 2432 873 2511 tutelam
928 2447 1004 2509 et
1052 2436 1261 2508 fidem
1316 2446 1717 2531 receperat,
1759 2441 2047 2532 jamque
2098 2447 2243 2509 tota
2285 2437 2446 2510 haee
2481 2456 2601 2507 re-

583 2542 712 2634 gie
759 2537 895 2611 suh
951 2554 1198 2611 eorum
1252 2546 1609 2633 potestate
1659 2538 1810 2611 fuit.
1909 2538 1988 2609 In
2040 2539 2368 2612 omnibus
2420 2554 2601 2609 vero

584 2639 898 2736 praeuio,
960 2660 1121 2735 quae
1159 2661 1330 2711 -cum
1385 2640 1658 2721 vendis
1710 2644 2247 2729 commiserunt,
2312 2661 2406 2712 ex
2457 2658 2601 2732 quo

582 2741 864 2814 obierat
912 2762 1048 2813 rex
1095 2739 1484 2813 Valdemar
1532 2741 1765 2815 Knuti·
1822 2740 2013 2812 filius
2031 2736 2063 2826 ‚'
2104 2742 2600 2835 ⁸arehiepisco-

584 2865 725 2938 pus
778 2840 1101 2916 Absalon·
1151 2845 1353 2935 regis
1401 2842 1649 2914 Knuti·
1677 2844 1819 2917 dux
1873 2852 1946 2914 et
1968 2843 2418 2937 consiiiarius
2450 2839 2602 2910 fuit.

583 2942 734 3034 Qui
777 2940 922 3015 ‘nisi
968 2945 1218 3015 socius
1271 2945 1798 3037 expeditionum
1847 2943 2130 3032 fuisset,
2181 2944 2394 3018 talem
2449 2949 2600 3011 tan-

581 3052 867 3136 tamque
918 3046 1283 3115 victoriam
1317 3065 1478 3115 xnou
1526 3044 1836 3117 fuissent
1864 3047 2121 3138 adepti.
2221 3043 2386 3116 Fuit
2410 3043 2600 3113 enim

587 3145 897 3214 omnium
963 3144 1159 3230 fere,
1235 3165 1420 3238 quos
1482 3145 1642 3217 haee
1707 3168 1929 3239 regna
1996 3136 2602 3240 septemtrionalia

585 3243 934 3335 tulerunt,
1012 3247 1119 3314 rei
1184 3242 1506 3318 militaris
1574 3250 2051 3342 peritissimus
2118 3248 2600 3338 maximusque

583 3343 910 3418 bellator.
1008 3344 1170 3417 Jam
1221 3343 1579 3422 'clauditur
1624 3351 1932 3420 narratio
1987 3349 2080 3421 de
2120 3346 2418 3446 regibus
2450 3343 2597 3415 Da-

587 3466 856 3519 norum.
