2950 4684
358 344 434 407 ο,
469 340 646 405 9-10,
907 341 1272 390 ius-roma
1329 342 1845 390 unumunurm.
2205 312 2372 403 179

356 525 812 620 Rognvaldo,
866 526 1274 597 Maeriarum
1328 526 1673 618 dynastae,
1724 536 1942 598 natus
1975 538 2144 599 erat.
2222 530 2366 601 Mi-

359 627 527 698 lites
578 626 797 703 Knuti
852 628 1072 717 regis,
1125 625 1217 695 de
1268 629 1525 697 itinere
1560 626 1831 697 Emmae
1886 631 2156 720 reginae
2208 651 2367 700 cer·

357 731 586 798 tiores
635 726 825 811 facti,
878 747 1034 796 cum
1088 728 1242 818 ipsa
1294 730 1551 820 suique
1595 748 1868 797 oceano
1896 729 2368 819 ingrediendo

359 830 582 920 parati
613 835 837 912 erant,
891 838 1489 918 supervenerunt,
1536 848 1932 920 navemque
1959 850 2116 898 cum
2146 833 2367 899 omni·

361 926 497 997 bus
562 927 825 1011 rebus,
899 947 1058 1018 quae
1127 927 1302 995 intra
1370 948 1621 998 navem
1689 937 1920 1012 erant,
1999 938 2369 1020 ceperunt,

363 1029 823 1120 reginamque
879 1025 965 1095 ad
1024 1045 1267 1116 regem
1310 1024 1619 1097 Kuutum
1654 1027 2126 1097 deduxerunt.
2200 1026 2369 1099 Pla-

358 1130 509 1198 cuit
558 1126 1026 1219 principibus,
1090 1126 1482 1196 accedente
1548 1129 1746 1217 regis
1797 1130 2241 1214 auctoritate,
2293 1137 2371 1199 ut

361 1248 495 1297 rex
560 1224 845 1297 Knutus
913 1223 1222 1295 Emmam
1291 1228 1607 1317 reginam
1677 1247 1975 1297 uxorem
2045 1227 2370 1312 duceret,

362 1326 553 1420 quod
610 1335 683 1397 et
734 1325 991 1397 factum
1048 1333 1179 1394 est.

955 1424 1078 1496 De
1125 1445 1303 1518 φερε
1332 1420 1771 1507 lamando.

567 1523 683 1594 10.
799 1523 986 1596 Post
1071 1534 1364 1595 mortem
1456 1527 1655 1615 regis
1727 1522 2066 1596 Adalradi
2146 1547 2369 1618 reges

361 1627 586 1696 creati
634 1634 801 1721 sunt
852 1624 973 1721 filii
1024 1627 1183 1716 eJus
1236 1634 1310 1694 et
1358 1623 1629 1694 Emmae
1694 1628 2001 1715 reginae,
2069 1646 2366 1721 quorum

363 1735 528 1796 natu
591 1726 934 1795 maximus
1000 1735 1153 1796 erat
1212 1724 1639 1795 Jatmuudus
1700 1723 2105 1810 RobustuS‚
2187 1724 2371 1797 alter

355 1824 675 1917 Jatgeir,
728 1827 983 1895 tertius
1032 1824 1388 1916 Jatvigus,
1444 1834 1737 1918 quartus
1785 1822 2173 1896 Jatvardus
2221 1823 2369 1896 Bo-

358 1948 515 1997 nus.
592 1924 756 1996 Rex
794 1924 1245 2009 Jatmundus‚
1297 1945 1555 2014 magno
1608 1935 1971 1995 contracto
2026 1928 2369 2011 exercitu,

358 2027 716 2095 adversus
767 2045 1014 2116 regem
1059 2023 1370 2094 Knutum
1428 2027 1664 2093 movit.
1759 2023 2155 2115 Congressi
2206 2036 2372 2094 sunt

359 2126 445 2196 ad
478 2124 1007 2211 Skorsteinen13
1059 2127 1513 2194 committitur
1557 2145 1812 2214 pugna,
1863 2146 2020 2216 quae
2075 2123 2146 2192 id
2193 2134 2369 2194 tem-

363 2228 560 2318 poris
614 2234 817 2294 erant
855 2223 1093 2309 sactae,
1147 2221 1651 2293 celeberrima:
1707 2226 2002 2293 maxima
2043 2227 2368 2316 utrinque

361 2335 647 2416 strages
703 2325 952 2394 editur.
1053 2323 1219 2395 Rex
1269 2323 1729 2408 Jatmundus,
1786 2343 1972 2416 equo
2026 2327 2097 2393 in
2148 2324 2369 2394 medi-

362 2447 468 2497 am
523 2427 748 2495 aciem
801 2424 1167 2520 Danorum
1222 2427 1590 2508 invectuS‚
1654 2434 1787 2494 tam
1845 2446 2068 2517 prope
2121 2444 2368 2516 regem

361 2525 710 2610 Knutnm,
782 2526 1098 2595 vitricum
1168 2546 1414 2609 suum,
1481 2524 1830 2594 advectus
1884 2534 2035 2607 est,
2101 2534 2177 2594 ut
2225 2527 2374 2596 ictu

363 2625 583 2718 gladii
636 2646 796 2694 eum
860 2624 1234 2716 adtingere
1286 2633 1557 2716 posset.
1658 2623 1825 2693 Rex
1873 2622 2158 2695 Knutus
2216 2624 2369 2718 cly-

365 2747 571 2818 peum
622 2744 847 2816 super
900 2723 1092 2795 colio
1125 2727 1310 2816 equi,
1363 2724 1478 2793 cui
1520 2722 1895 2809 insidebat,
1944 2722 2369 2815 protendit13

361 2829 551 2896 ictus
596 2833 866 2910 autem,
936 2823 1201 2916 clypeo
1265 2821 1528 2892 inlatus
1599 2820 1834 2915 paullo
1901 2821 2077 2891 inira
2130 2842 2369 2891 manu-

361 2925 611 3011 brium,
662 2933 799 2995 tam
853 2923 1248 2995 vehemens
1301 2926 1561 3008 extitit,
1632 2932 1709 2993 ut
1771 2942 1911 2992 non
1977 2921 2186 2992 modo
2242 2920 2369 2991 cli·

366 3045 611 3117 peum,
693 3026 829 3094 sed
900 3027 1105 3095 etiam
1177 3044 1416 3094 armos
1492 3025 1655 3116 equi
1726 3032 1888 3094 ante
1966 3020 2372 3115 ephippium

367 3124 795 3213 dissecaret3
879 3146 1022 3218 quo
1089 3124 1277 3194 facto
1354 3123 1530 3193 Dani
1602 3145 1845 3215 regem
1915 3121 2369 3194 Jatmundum

366 3233 558 3294 tanto
627 3227 891 3317 impetu
956 3222 1402 3318 premebant,
1486 3232 1562 3293 ut
1624 3225 1713 3293 ad
1783 3243 1960 3293 suos
2022 3222 2368 3312 refugere

272 3329 287 3335 '
365 3333 776 3415 cogeretur,
827 3328 922 3395 ita
975 3334 1230 3409 tamen,
1284 3333 1363 3393 ut
1412 3322 1819 3416 complures
1864 3343 1956 3393 ex
1988 3321 2213 3391 Danis
2264 3324 2374 3390 in-=v

364 3423 801 3508 terfeeisset‚
851 3423 1091 3494 Knuto
1145 3444 1323 3514 rege
1377 3421 1640 3493 leviter
1692 3432 1975 3503 tantum,
2028 3428 2149 3489 aut
2200 3417 2370 3488 nihii

363 3526 684 3608 omnino,
749 3526 1083 3594 sauciato.
1195 3521 1480 3591 Interea
1546 3543 1792 3612 regem
1862 3518 2372 3610 (Jatmundum)

363 3632 655 3693 ceteros
707 3621 925 3715 longe
982 3630 1409 3714 praevectum
1464 3642 1619 3689 cum
1672 3640 1961 3691 suornm
2029 3616 2148 3688 alii
2199 3639 2368 3687 nus-

358 3743 566 3816 quam
635 3725 1255 3814 conspicarentur,
1327 3727 1433 3802 et,
1501 3721 1858 3794 cecidisse
1930 3722 2098 3801 rati,
2166 3726 2369 3807 terga

364 3831 654 3891 vertere
709 3825 1130 3913 coepissent,
1198 3817 1313 3890 alii
1387 3840 1547 3888 eum
1602 3822 2069 3913 insequentes
2118 3814 2370 3883 Dauos

364 3929 806 4013 praevertere
878 3922 1242 4005 viderent,
1311 3928 1384 3988 et
1446 3928 1806 4011 quotquot.
1854 3919 1927 3988 id
1995 3916 2371 3996 vidissent,

364 4022 433 4089 in
487 4018 725 4109 fugam
784 4041 870 4089 se
943 4023 1433 4113 conjicerentr
1479 4038 1615 4087 rex
1678 4015 1815 4087 alta
1879 4034 2065 4085 voce
2132 4009 2372 4081 excla-

436 4152 480 4217 ¹)
519 4153 618 4206 sibi
655 4152 941 4224 praetondit‚
992 4151 1051 4213 V,
1089 4154 1272 4205 eodem
1310 4169 1506 4205 scum·-

1801 4187 1961 4289 Μ2
2071 4187 2088 4194 .,
