2950 4684
310 268 635 396 eja-17,
850 331 948 380 nn
994 334 1306 382 mna-1⁸18
1351 333 1835 383 somnumve.
2224 311 2346 401 45

311 526 613 590 eeteros
638 537 916 604 omnes,
957 520 1116 612 ipso
1153 527 1463 613 excepto
1481 539 1693 612 rege,
1744 528 2091 615 praestare
2121 521 2342 619 vulgo

314 620 768 691 existimatus
825 626 956 688 est.

525 716 642 789 17.
743 716 907 788 Jam
959 716 1375 811 perhibent,
1425 740 1676 813 regem
1730 742 1866 814 per
1916 723 2125 815 regni
2175 745 2341 817 pro·

315 817 593 890 vincias
653 820 795 888 iter
856 817 1234 889 facientem
1298 823 1646 897 conviviis
1713 821 1801 892 ab
1873 826 2120 894 amicis
2186 827 2343 897 suis

191 975 196 978 .
320 927 702 1012 exceptum
732 940 924 989 esse.
1029 917 1264 1008 Quem
1311 929 1384 990 et
1412 930 1851 1014 excepturus
1880 921 2342 997 Palnatokius

319 1020 654 1089 eximium
686 1027 977 1112 apparat
1003 1023 1423 1107 convivium,
1473 1022 1638 1090 dein
1664 1043 1914 1114 regem
1944 1025 2110 1111 adit,
2144 1047 2340 1095 eum-

319 1141 466 1212 que
514 1121 781 1190 invitat.
884 1118 1040 1206 1113,
1094 1131 1391 1213 accepta
1425 1124 1864 1208 invitatione,
1917 1145 2172 1216 magno
2216 1147 2339 1196 co-

319 1222 605 1290 mitatus
655 1219 1010 1290 hominum
1076 1242 1372 1291 numero
1441 1221 1532 1292 ad
1585 1226 1986 1295 convivium
2052 1225 2339 1318 profici·
2383 1296 2392 1302 ,

316 1323 564 1392 scitur.
678 1318 832 1389 Sed
886 1319 1165 1390 turbida
1214 1324 1593 1412 ingruente
1655 1332 2119 1417 tempestate,
2204 1326 2337 1397 suh

319 1442 702 1513 vesperam
760 1420 1140 1491 devertunt
1208 1423 1297 1492 ad
1359 1424 1697 1494 rusticum
1755 1427 2141 1518 quendam,
2209 1448 2337 1497 no-

317 1522 510 1593 mine
560 1519 853 1606 Atlium,
907 1525 1330 1613 cognomine
1380 1522 1700 1615 Nigrum.
1805 1524 1987 1615 Qui,
2043 1529 2178 1596 etsi
2230 1537 2337 1598 te-

322 1625 446 1692 nui
496 1624 568 1690 in
625 1642 732 1707 re,
785 1642 1030 1712 regem
1063 1620 1533 1693 libentissime
1570 1627 1871 1718 excepit.
1975 1625 2153 1697 Filia
2182 1631 2339 1720 ejus

320 1721 527 1807 AEsa,
590 1718 1186 1808 dictaSomaesa,
1257 1745 1530 1816 magnae
1581 1734 1872 1796 staturae
1923 1726 2178 1799 femina
2231 1731 2337 1797 in-

320 1824 683 1916 genioque
749 1822 1060 1908 liberali,
1131 1845 1216 1894 ea
1283 1845 1593 1918 vespera
1659 1825 1886 1897 cibum
1951 1840 2338 1922 potumque

320 1923 776 1994 ministrabat.
877 1922 1078 2009 Rex,
1147 1927 1262 1995 cui
1316 1935 1638 2017 spectata
1687 1929 1898 2017 virgo
1950 1926 2137 1997 bene
2190 1927 2339 2021 pla-

321 2031 551 2109 ceret,
602 2028 782 2116 patri
832 2023 1175 2118 loquitur:
1228 2045 1368 2094 non
1422 2025 1708 2117 quidem
1762 2026 2342 2101 dissimulandum

323 2133 464 2210 est,
515 2123 1013 2217 hospitalitatis
1065 2123 1299 2196 officia
1349 2126 1470 2194 vix
1500 2145 1722 2218 posse
1762 2125 2130 2199 liberalius
2155 2149 2339 2221 prae-

322 2227 534 2310 stari,
606 2246 811 2317 quam
861 2225 1109 2311 nobis,
1165 2223 1460 2310 colone,
1516 2224 1655 2296 boc
1705 2225 1871 2298 loco
1924 2232 2339 2322 praestitisti,

322 2346 574 2397 verum
640 2348 844 2396 unam
913 2324 1119 2396 nobis
1190 2326 1467 2396 invides
1531 2346 1723 2414 rem,
1809 2351 2064 2422 nempe
2130 2329 2339 2402 filiam

320 2435 511 2510 tuam
567 2427 867 2521 ejusque
922 2426 1239 2498 delicias.
1356 2424 1681 2498 Colonns
1732 2451 2133 2523 reponere,
2199 2453 2341 2502 non

323 2528 717 2597 convenire
781 2531 975 2618 regi,
1047 2526 1365 2618 feminae,
1427 2527 1659 2621 qualis
1723 2529 1864 2601 filia
1932 2553 2063 2603 sua
2116 2543 2341 2620 esset,

324 2626 777 2698 concubitum
831 2649 1179 2722 quaerere.
1298 2627 1450 2699 Sed
1507 2650 1662 2701 cum
1717 2632 2139 2703 ostenderet
2186 2655 2342 2718 reX,

326 2749 532 2813 eum,
608 2729 673 2798 si
720 2727 1068 2800 voluntati
1120 2749 1275 2799 suae
1325 2728 1461 2799 hac
1513 2731 1584 2798 111
1637 2751 1719 2799 re
1773 2730 2169 2801 obsecutus
2223 2752 2339 2801 es·

320 2839 480 2915 set,
547 2831 784 2900 intima
852 2850 979 2901 sua
1050 2831 1352 2900 amicitia
1419 2830 1730 2899 vicissim
1798 2833 2211 2923 potiturum,
2278 2833 2343 2902 is

325 2929 668 3024 colloquii
723 2932 960 3002 exitus
1012 2929 1181 3015 fuit,
1262 2938 1339 2999 ut
1401 2948 1537 2998 rex
1605 2928 1961 3002 Haraldus
2010 2935 2343 3025 sequenti

323 3040 538 3102 noete
593 3052 752 3101 cnm
805 3030 948 3101 filia
1001 3030 1241 3102 coloni
1295 3030 1824 3104 concumberet.
1947 3029 2340 3126 Seque-ntis

326 3130 473 3200 diei
524 3153 752 3218 mane,
820 3155 977 3202 cum
1032 3140 1422 3225 tempestas
1480 3133 1958 3219 desaeviisset,
2024 3156 2158 3204 rex
2213 3137 2340 3207 do-

324 3253 441 3301 mo
480 3230 655 3302 Atlii
706 3235 847 3303 iter
896 3235 1186 3326 paravit,
1242 3233 1798 3328 digrediensque
1850 3236 2025 3328 patri
2083 3238 2344 3307 eximia

328 3332 513 3403 dona
550 3333 768 3419 dedit,
803 3332 943 3402 filia
982 3354 1121 3403 non
1150 3335 1308 3404 sine
1342 3333 1764 3406 munusculo
1797 3332 2063 3402 relicta.
2130 3334 2344 3420 Dein,

324 3454 470 3526 quo
534 3433 967 3520 intenderat,
1041 3437 1390 3526 perrexit,
1462 3435 1696 3505 donec
1760 3435 1850 3503 ad
1921 3437 2343 3522 convivium,

323 3536 534 3625 cujus
584 3544 788 3605 antea
846 3538 1107 3606 mentio
1144 3532 1367 3619 faeta,
1419 3538 1764 3626 pervenit.
1865 3533 2050 3606 Huic
2098 3540 2343 3608 convi-

323 3636 478 3721 vio,
550 3635 742 3729 quod
805 3656 1076 3706 summa
1139 3633 1653 3723 magnificentia
1702 3632 2169 3708 Palnatokius
2236 3639 2341 3705 in-

322 3742 723 3821 struxerat,
796 3735 917 3807 diu
967 3731 1285 3806 interfuit
1334 3754 1490 3804 rex.
1611 3735 1844 3826 Quem
1913 3759 1954 3806 a
2008 3738 2345 3806 convivio
2463 3824 2466 3829 μ

323 3834 819 3907 discedentem
840 3834 1307 3908 Palnatokius
1346 3837 1621 3905 eximiis
1651 3858 1736 3906 ac
1772 3835 2170 3929 splendidis
2197 3856 2345 3905 mu-

320 3936 621 4008 neribus
675 3938 995 4024 donavit,
1069 3958 1229 4031 quae
1281 3955 1415 4005 rex
1468 3945 1674 4026 grato
1725 3940 1958 4005 animo
2011 3936 2346 4028 accipere

324 4035 663 4129 dignatus
712 4049 846 4110 est.
962 4036 1324 4109 Provecta
1387 4037 1789 4129 insequenti
1859 4035 2132 4123 hieme,
2201 4040 2349 4108 ani-

321 4137 783 4214 madversum
835 4148 956 4212 est
1003 4160 1046 4212 a
1097 4138 1561 4234 quibusdam,
1612 4133 2042 4226 Somaesam,
2111 4137 2350 4212 coloni
