2950 4684
283 343 365 405 c,
396 340 463 406 2,
821 344 925 392 nn
962 342 1272 394 munus
1313 344 1796 393 summamus.
2244 321 2310 408 5

289 531 365 599 in
412 528 746 598 convivio
797 525 1149 620 (nuptiali)
1196 525 1584 598 adhibitum
1635 535 1774 613 est,
1825 534 1906 598 ut
1943 549 2082 600 rex
2105 529 2303 601 Gor-

288 650 451 703 mus
500 629 776 698 sumnia
824 649 956 698 sua
1006 626 1354 714 referret,
1424 650 1512 698 ea
1578 649 1757 699 vero
1812 627 2036 701 relata
2079 632 2304 702 inter·

287 737 730 822 pretaretun
815 726 985 797 Rex
1036 731 1129 798 ita
1184 728 1388 812 dicit,
1455 733 1859 800 somniasse
1921 752 2014 801 se
2081 734 2304 824 prima

288 839 505 900 nocte
554 827 856 913 hiemis,
909 838 987 899 et
1033 827 1263 900 tribus
1301 828 1653 915 noctibuS,
1710 829 1966 922 quibus
2020 835 2090 901 in
2141 832 2302 903 aede

291 931 788 1000 enrmivisset:
843 925 982 999 huc
1012 933 1407 1015 somniavit,
1456 933 1683 1000 visum
1716 949 1894 1000 esse
1919 931 2101 1003 foris
2131 954 2302 1003 enn-

289 1033 650 1112 stitutum,
719 1038 794 1098 et
859 1038 1080 1099 totum
1144 1051 1443 1122 regnum
1508 1051 1714 1100 suum
1779 1030 2009 1101 oculis
2059 1032 2299 1124 perlu-

292 1139 567 1216 strare3
618 1129 796 1199 vidit
846 1149 1043 1199 mare
1097 1137 1232 1199 tam
1288 1129 1509 1221 longe
1560 1129 1648 1200 ab
1700 1140 1891 1201 terra
1921 1133 2301 1218 recedere,

289 1246 621 1323 quantum
678 1239 1110 1322 conspectus
1163 1230 1532 1301 oculorum
1597 1231 1791 1301 ferre
1856 1253 1997 1301 non
2052 1237 2301 1325 potuit,

289 1340 671 1423 tantusque
722 1333 951 1400 extitit
998 1333 1212 1400 maris
1262 1352 1644 1416 recessuS,
1712 1340 1794 1401 ut¹
1839 1336 2070 1402 omnia
2118 1332 2300 1404 freta

292 1429 565 1501 insulas
615 1429 1064 1501 interluentia
1096 1452 1492 1523 omnesque
1520 1435 1720 1501 sinus
1747 1434 2302 1505 exsiccarentur.

293 1529 463 1621 Qun
516 1530 707 1601 facto
760 1530 937 1601 vidit
989 1541 1141 1601 tres
1194 1531 1427 1603 boves
1480 1531 1688 1602 albos
1743 1552 1785 1601 e
1827 1535 2011 1603 ³mari
2045 1553 2304 1604 escen-

294 1632 473 1701 (lere
526 1639 602 1701 et
651 1634 724 1699 in
775 1641 1031 1701 terram
1088 1654 1505 1718 excurrere,
1558 1652 1780 1725 prope
1834 1632 1921 1700 ab
1979 1655 2072 1702 eo
2114 1632 2305 1720 1000,

291 1731 412 1805 ubi
466 1734 624 1823 ipse
675 1730 844 1818 fuit,
896 1735 1049 1824 qui,
1102 1755 1242 1825 qno
1298 1733 1461 1802 lnce
1514 1734 1971 1818 advenerant,
2022 1754 2302 1805 emnem

228 1836 235 1841 ’
290 1831 586 1903 herbam
640 1832 958 1923 depasti,
1010 1836 1323 1924 gramine
1376 1835 1568 1903 nudo
1620 1831 1786 1902 selo
1837 1831 2134 1919 relicto,
2187 1855 2304 1906 re-

290 1942 690 2003 cesserunt.
792 1931 1118 2004 Alterum
1170 1936 1551 2019 somnium,
1602 1931 1770 2002 huic
1814 1932 2306 2025 perquamisi-

290 2032 484 2118 mile,
533 2032 679 2103 tale
733 2043 919 2103 erat:
971 2037 1123 2104 visi·
1153 2034 1388 2104 adhuc
1440 2044 1612 2104 sunt
1664 2035 1732 2101 ei
1781 2041 1938 2101 tres
1973 2032 2208 2101 boves
2257 2054 2330 2103 e-

294 2137 470 2203 mari
520 2133 1023 2225 egredientes,
1076 2133 1328 2204 colore
1381 2134 1640 2217 rubro,
1712 2130 1924 2207 valde
1989 2135 2301 2204 cornuti:

292 2233 369 2304 bi
418 2254 737 2329 queque,
783 2233 979 2304 velut
1004 2238 1309 2327 priores,
1361 2234 1481 2306 ubi
1510 2234 1933 2327 aliquantum
1961 2237 2308 2325 temporis

296 2357 393 2405 en
445 2333 611 2405 loen
665 2339 1074 2405 commorati
1129 2345 1351 2420 eraut,
1405 2337 1718 2427 gramina
1769 2344 1984 2405 terrae
2021 2335 2303 2427 depasti

292 2438 366 2506 i'n
416 2456 611 2505 mare
664 2444 1150 2506 recesserunt.
1267 2435 1547 2509 Adhaeo
1616 2436 1900 2522 tertium
1951 2439 2302 2506 somnium

295 2539 365 2607 ei
414 2534 750 2619 oblatum,
804 2534 919 2604 his
972 2535 1382 2605 consimile:
1434 2538 1634 2605 visus
1662 2532 1799 2603 sibi
1829 2542 1949 2604 est
1982 2552 2113 2604 rex
2147 2547 2304 2606 tres

294 2638 531 2709 beves
598 2636 844 2706 videre
917 2638 1088 2704 mari
1156 2637 1654 2729 egredienteS,
1729 2655 1982 2705 omnes
2049 2633 2306 2705 colore

294 2742 566 2831 nigros,
616 2736 956 2807 cornibus
1012 2736 1240 2808 multo
1308 2739 1663 2821 maximis3
1728 2738 1844 2826 qui
1893 2733 2306 2825 eliquamus--¹

294 2860 427 2932 per
477 2842 750 2925 merati,
805 2837 1056 2907 eadem
1107 2841 1223 2908 via
1273 2837 1811 2916 abscesserunt,
1863 2842 1938 2900 et
1986 2835 2057 2899 in
2110 2854 2306 2903 mare

295 2941 625 3029 regressi
675 2949 872 3027 sunt3
926 2947 1002 3008 et
1052 2947 1222 3031 pest
1269 2936 1429 3007 haec
1482 2940 1683 3007 visus
1736 2942 1848 3004 est
1876 2930 2008 3003 sibi
2039 2942 2304 3005 tantum

295 3039 548 3111 audire
598 3036 981 3130 fragorem,
1034 3051 1110 3109 ut
1160 3060 1294 3133 per
1345 3048 1560 3110 totam
1613 3035 1942 3107 Daniam.
1982 3034 2304 3105 exaudiri

296 3146 620 3232 putaret,
683 3160 892 3230 quem
958 3140 1046 3209 ab
1113 3151 1298 3211 aestu
1363 3142 1580 3209 maris
1641 3139 1729 3209 ad
1783 3143 2044 3205 terram
2091 3156 2301 3207 acoe-

297 3241 536 3310 dentis
603 3248 832 3308 ortum
895 3238 1354 3332 intelligebat.
1488 3239 1698 3310 Nunc
1763 3243 2000 3305 autem
2062 3235 2303 3322 velim,

295 3343 409 3425 ait,
459 3342 737 3430 regina,
776 3337 1051 3409 somnia
1080 3341 1571 3434 interpreteris
1605 3343 1674 3410 in
1709 3334 2300 3408 oblectamentum

295 3443 793 3524 convivarum,
848 3449 1194 3532 tuamque
1274 3444 1383 3510 sic
1455 3442 1867 3533 sapientiam
1938 3437 2302 3508 ostendas.

293 3541 400 3617 Ea
450 3561 595 3611 non
624 3542 1039 3626 -reeusavit,
1102 3543 1517 3636 somniaque
1568 3539 2019 3631 interpretari
2069 3540 2303 3631 coepit,

296 3645 667 3734 primoque
719 3643 985 3733 incepit
1032 3641 1398 3733 explicare
1462 3645 1850 3725 somnium,
1903 3638 2097 3731 qued
2162 3640 2306 3730 pri-

295 3763 485 3813 mum
532 3752 712 3828 erat,
756 3749 976 3834 atque
1007 3744 1136 3812 sie
1186 3742 1532 3835 loquitur:
1595 3742 1711 3813 ubi
1762 3740 1996 3810 boves
2050 3736 2300 3808 colore

293 3842 462 3915 albo
529 3862 573 3912 e
634 3844 808 3913 mari
873 3844 942 3913 in
1014 3850 1271 3913 terram
1344 3847 1627 3933 egressi
1693 3851 1891 3925 sunt,
1968 3836 2067 3906 ibi
2146 3845 2299 3907 tres

291 3943 456 4015 fore
516 3963 834 4034 augurer
895 3941 1175 4017 hiemes
1243 3962 1573 4033 magnas,
1629 3951 2036 4030 ‚tantamque
2103 3935 2299 4009 deei-

296 4043 613 4121 dentium
662 4045 929 4121 nivium
982 4046 1146 4129 vim,
1196 4054 1275 4119 ut
1324 4043 1554 4119 omnis
1596 4041 1875 4132 frugum
1906 4045 2298 4130 proventus
