2950 4684
393 321 468 384 c,
498 315 718 385 53-54‚
953 325 1319 371 ms‘roma
1373 326 1467 370 xx
1479 325 1891 373 u'rmanmu.
2239 299 2417 389 247

389 504 600 576 finem
650 506 1148 599 imposuisset,
1229 505 1348 576 alii
1405 527 1498 578 ex
1567 505 1727 579 aliis
1796 519 2270 581 surrexerunt
2335 523 2409 584 et

389 605 615 678 verba
663 604 945 699 prolixe
997 604 1357 695 fecerunt3
1412 629 1708 701 quorum
1758 607 2209 701 singulorum
2248 632 2406 681 ora-

390 709 489 778 tio
544 706 826 792 eodem,
882 727 1024 801 quo
1077 707 1481 778 intenderat
1534 709 1855 801 dynasta,
1912 707 2234 799 devenit3
2281 731 2409 781 ne-

392 828 532 900 que
584 817 728 878 tum
774 806 1026 877 Dauos
1075 808 1294 878 verba
1347 806 1723 880 insolentia
1767 807 2134 895 defecere,
2188 813 2410 881 omni-

390 906 529 978 bus
577 906 1049 978 veliementer
1099 907 1568 995 hortantibus,
1620 918 1697 980 ut
1745 931 1882 980 rex
1933 908 2218 982 Knutus
2267 913 2409 983 vita

391 1009 807 1100 privaretur.
909 1005 1064 1077 Tali
1133 1011 1349 1101 igitur
1412 1012 1783 1102 proposito
1845 1012 2052 1081 animi
2103 1010 2408 1083 multitu

390 1107 576 1180 diuis
626 1107 1107 1179 incitabantur.

1062 1208 1186 1281 De
1235 1231 1410 1307 reqe
1462 1207 1732 1284 chto.

594 1307 712 1379 54.
812 1306 1095 1381 Interea
1128 1314 1489 1404 processit
1520 1311 1703 1397 dies,
1756 1319 1835 1380 ut
1862 1319 2143 1403 tempus
2168 1314 2408 1383 missae

390 1407 847 1482 celebrandae
897 1410 1290 1503 adpeteret.
1408 1408 1587 1482 Tum
1641 1433 1777 1482 rex
1838 1409 2120 1482 Knutus
2171 1415 2411 1483 missae

393 1510 632 1582 officio
683 1509 1151 1582 interfuturus
1203 1511 1295 1582 ad
1345 1511 1574 1581 aedem
1629 1532 1902 1582 sacram
1955 1533 2042 1582 se
2094 1510 2413 1583 contulit.

392 1609 527 1682 Hic
578 1613 947 1705 quaerenti,
998 1611 1165 1706 quid
1217 1611 1309 1682 de
1361 1611 1585 1683 rebus
1635 1610 2049 1683 colonorum
2098 1608 2407 1684 animad-

392 1715 578 1784 verti
631 1710 862 1783 oculis
914 1721 1207 1805 posset,
1272 1715 1386 1784 sui
1441 1712 1962 1805 significarunt,
2030 1711 2406 1806 concilium

393 1811 576 1883 ultra
627 1833 900 1884 amnem
954 1812 1246 1884 habere.
1346 1813 1548 1884 Rex:
1614 1824 1685 1886 at
1738 1834 1874 1885 non
1929 1813 2215 1885 advenit
2261 1812 2406 1884 As·

392 1910 599 2006 hjoru
654 1914 990 2006 dynasta,
1065 1916 1334 1985 amicus
1386 1924 1676 2001 noster,
1741 1915 1859 2008 qui
1912 1914 2002 1983 de
2055 1934 2273 2007 pace,
2340 1917 2406 1984 si

392 2016 672 2107 sperari
724 2035 867 2084 non
919 2011 1184 2107 possit,
1238 2016 1593 2086 certiores
1644 2036 1780 2084 nos
1830 2013 2064 2085 saciet
2165 2011 2406 2084 Bene-

397 2114 629 2186 dictus
679 2114 1090 2208 respoudit:
1172 2125 1255 2185 at:
1309 2135 1488 2185 vero
1542 2113 1667 2184 illo
1742 2113 1913 2183 nihil
1976 2114 2145 2183 boni
2199 2111 2407 2184 nobis

391 2214 676 2304 afferet3
741 2235 949 2308 quem
1004 2225 1081 2286 ut
1130 2215 1430 2287 liberum
1488 2216 2036 2300 dimitteremuS,
2110 2217 2406 2301 maxime

390 2314 698 2387 fecimus
750 2315 1189 2403 inconsulte,
1257 2317 1844 2411 quemadmodum
1900 2318 2124 2408 primo
2174 2318 2408 2386 statim

394 2425 718 2510 tempore
772 2415 981 2487 vobis
1033 2417 1613 2510 significaveram.
1718 2416 1885 2487 Rex
1953 2415 2132 2486 hanc
2197 2419 2407 2486 ratio-

393 2538 556 2587 nem
623 2515 760 2587 sibi
831 2515 1019 2588 haud
1081 2518 1545 2589 inconsultam
1615 2518 1883 2602 videri,
1963 2515 2408 2609 hominisque

392 2615 602 2688 fidem
661 2616 844 2687 haud
899 2616 1373 2690 vat-illaturam
1428 2622 1754 2689 asseruit..
1872 2617 2065 2687 Dein
2133 2638 2261 2685 rex
2318 2618 2409 2685 ad

397 2722 683 2788 missam
707 2739 824 2789 ·se
879 2718 1213 2807 contulit3
1267 2741 1402 2813 qua
1458 2717 1817 2788 celebrata
1852 2721 2232 2788 nuntiatum
2268 2725 2408 2801 est,

395 2821 791 2890 exercitum
845 2818 1262 2891 colonorum
1310 2840 1583 2889 amnem
1638 2820 2056 2910 trajecisse,
2123 2838 2407 2907 magna-

394 2917 550 3013 que*
589 2919 1037 2991 vehementia
1089 2920 1179 2991 ad
1234 2919 1564 3013 oppidum
1618 2940 1855 2989 ruere.
1989 2915 2168 2989 Tum
2238 2936 2406 2986 rex:

394 3020 565 3115 quid
619 3019 898 3091 consilii
951 3020 1362 3112 capiemus?
1418 3024 1551 3113 jam
1610 3019 1914 3091 dubitari
1966 3041 2105 3089 non
2145 3026 2408 3111 potest,

393 3119 589 3192 velle
661 3119 965 3192 colonos
1033 3120 1232 3193 hello
1305 3143 1436 3192 nos
1488 3131 1781 3214 petere3
1860 3121 2054 3215 quod
2122 3119 2404 3214 quidem

394 3218 583 3293 bene
635 3222 921 3308 accidit,
999 3245 1156 3294 cum
1224 3245 1472 3316 pacem
1527 3225 1781 3294 civium
1839 3225 2117 3292 nimium
2172 3218 2407 3291 turba·

395 3323 657 3412 verim3
714 3326 973 3393 etenim
1027 3347 1212 3395 nunc
1265 3322 1706 3404 manifestum
1763 3332 1898 3409 est,
1953 3321 2117 3417 quid
2170 3319 2302 3389 sibi
2335 3318 2407 3389 hi

390 3419 719 3494 homines
769 3423 1011 3494 velint.
1110 3423 1420 3517 Excepit
1454 3424 1747 3494 Eirikus
1775 3423 2107 3514 dynasta:
2163 3431 2413 3490 auctor

393 3543 595 3607 sum,
679 3522 1002 3609 domine,
1085 3533 1176 3596 ut,
1232 3544 1419 3617 equo
1477 3544 1880 3594 conscenso
1952 3532 2023 3592 te
2076 3519 2408 3613 abripiaS,

398 3622 612 3714 quod,
663 3626 917 3718 coeptis
968 3623 1371 3716 adspirante
1400 3623 1593 3708 Deo,
1645 3622 1877 3693 adhuc
1908 3643 2260 3716 prospere
2290 3641 2406 3690 ca·

399 3720 579 3791 dere
612 3730 885 3815 potest3
939 3734 1154 3818 teque
1187 3722 1415 3809 salvo,
1468 3726 1698 3793 omnia
1724 3721 1942 3796 salva.
2044 3722 2208 3794 Rex
2237 3742 2407 3791 con·

395 3830 540 3892 tra:
598 3825 737 3893 etsi
789 3823 929 3898 hoc
982 3836 1189 3919 pacto
1239 3827 1403 3895 vitae
1460 3845 1642 3895 meae
1696 3823 2101 3909 consulam,
2176 3831 2408 3891 tamen

396 3930 653 3994 tautam
711 3920 852 3995 hoc
902 3926 1069 3998 loco
1113 3936 1425 4019 stragem
1482 3925 1835 3997 hominum
1892 3925 2130 4008 edent,
2180 3930 2258 3991 ut
2292 3942 2409 3992 ac-

395 4032 677 4117 ceptum
734 4024 1056 4099 damnum
1111 4049 1285 4098 sero
1336 4028 1468 4098 sim
1525 4033 2010 4119 reparaturus3
2063 4044 2269 4117 quam
2313 4022 2408 4094 ob

394 4143 553 4195 rem
619 4125 753 4197 hac
817 4131 919 4199 uti
989 4128 1390 4200 conditione
1444 4127 1655 4214 nolo,
1737 4124 1918 4197 nialo
1989 4126 2226 4217 potius
2298 4146 2409 4195 me
