2950 4684
508 268 687 373 ἐξῇ
1028 304 1394 355 uis-roma
1445 304 1964 354 xuurnnanum.
2117 296 2533 366 Qua-114.

509 488 603 561 ita
654 488 900 561 loricis
952 490 1189 561 muniti
1240 499 1513 575 essent,
1567 508 1699 558 rex
1729 485 1956 559 Svein
2008 502 2094 557 se
2121 485 2528 556 rescivisse

509 591 852 678 ostendit,
916 593 1143 684 ipsum
1211 608 1607 683 regemque
1659 587 1970 659 Knutum
2037 587 2335 658 insidias
2385 582 2524 654 sibi

507 700 824 763 struere:
877 701 999 763 aut
1048 713 1180 761 cur
1229 689 1346 761 hic
1373 700 1558 760 u'unc
1582 710 1722 759 nou
1752 688 2010 759 adest?
2062 688 2318 779 inquit3
2376 703 2522 773 ego

509 810 687 862 vero
751 784 933 861 meae
984 811 1451 883 meorumque
1515 789 1727 861 saluti
1778 787 1919 859 boc
1970 789 2180 858 modo
2234 782 2525 856 consul-

507 901 650 962 tum
706 891 1098 978 volueram,
1149 894 1212 961 si
1265 911 1474 984 quem
1528 889 1716 959 ferte
1771 888 2010 959 delum
2065 892 2136 958 in
2181 906 2319 956 uos
2371 885 2523 974 agi-

505 994 818 1063 tassetis
921 991 1054 1063 Cui
1105 990 1524 1062 valdemar:
1579 989 1766 1060 baud
1797 989 1919 1060 tibi
1955 989 2250 1059 insidias
2283 994 2523 1055 strue·

508 1093 689 1176 mnS,
741 1103 1069 1184 cognate,
1119 1094 1375 1186 inquit,
1427 1090 1564 1163 sibi
1617 1111 1799 1162 vero
1855 1093 2161 1184 quisque
2203 1083 2526 1158 intendat

506 1195 831 1278 animum,
884 1205 960 1263 ut
1011 1215 1166 1264 cum
1222 1191 1451 1262 altero
1503 1194 1789 1261 sincere
1821 1199 2020 1283 agat,
2078 1186 2294 1259 multo
2333 1187 2518 1254 enim

506 1295 748 1386 potius
799 1295 1121 1364 amittere
1178 1296 1385 1363 vitam
1423 1291 1630 1377 malo,
1683 1312 1886 1385 qnam
1913 1294 2306 1384 juramenta
2331 1286 2524 1357 adeo

507 1401 789 1479 sancta,
841 1403 1188 1489 pactaque
1243 1403 1378 1464 tam
1430 1392 1628 1462 firma
1676 1391 1971 1463 violare.
2061 1389 2239 1461 -Rex
2291 1386 2521 1458 Svein

505 1496 602 1564 ita
670 1493 858 1567 haud
929 1495 1145 1565 dubie
1213 1516 1365 1564 rem
1436 1514 1609 1564 esse
1663 1492 2070 1576 affirmavit,
2141 1510 2375 1583 neque
2427 1507 2519 1558 se

504 1592 693 1664 aliud
748 1594 1056 1666 credere
1110 1593 1328 1680 velle,
1384 1596 1519 1664 etsi
1572 1592 1761 1664 aliud
1814 1594 1948 1665 sibi
1988 1594 2368 1661 nuntiatum
2406 1587 2516 1659 fu-

504 1697 703 1766 isset.
804 1694 996 1765 Dein
1058 1696 1265 1766 ambo
1320 1694 1819 1779 Roiskeldam,
1892 1692 2011 1765 ubi
2074 1692 2321 1763 aderat
2380 1708 2518 1758 rex

503 1793 824 1882 KnutuS,
891 1800 1079 1868 vecti
1131 1805 1311 1867 sunt.
1417 1795 1554 1864 Hic
1616 1793 1850 1891 epulae
1913 1791 2516 1887 splendidissimae

502 1898 869 1968 instructae
922 1908 1157 1989 crant,
1220 1896 1626 1989 ibidemque
1675 1916 1897 1987 reges
1946 1894 2339 1964 lautissime
2392 1890 2514 1961 ha·
2559 1963 2576 1976 ‚

502 1995 627 2068 biti
677 2009 957 2072 noctem
1011 2006 1553 2091 transegerunt,
1621 2017 1891 2067 summa
1958 1999 2145 2064 iuter
2208 2014 2341 2063 eos
2391 2013 2513 2062 co-

504 2100 741 2170 mitate
793 2100 1305 2171 intercedente.
1408 2094 1573 2169 Rex
1598 2096 1825 2171 Svein
1877 2116 2199 2188 magnum
2256 2093 2513 2165 endem

503 2202 831 2271 comitum
914 2221 1277 2272 numerum
1359 2199 1787 2286 adduxerat3
1880 2213 2167 2291 tumque
2261 2213 2513 2268 omnes

502 2298 889 2371 consiliarii
940 2304 1100 2394 ejus
1146 2299 1409 2370 ibidem
1463 2320 1621 2369 eum
1677 2312 1770 2369 ec
1825 2298 2311 2371 versabantur.

1268 2399 1393 2472 De
1439 2398 1755 2470 insidiis·

706 2496 871 2568 114.
970 2496 1287 2574 Postero
1343 2502 1459 2571 die
1513 2521 1764 2571 omnes
1816 2520 2037 2592 reges
2086 2500 2155 2568 in
2198 2518 2342 2568 uno
2386 2519 2510 2568 eu-

499 2595 741 2668 biculo
796 2600 1077 2693 poculis
1143 2610 1218 2673 et
1267 2601 1596 2673 hilaritati
1647 2599 2127 2692 indulgebant.
2234 2597 2512 2668 interea

498 2696 760 2770 milites
811 2705 1011 2795 regis
1062 2699 1388 2791 Sveinis,
1461 2702 1790 2796 palaestra
1856 2701 2035 2772 soris
2106 2719 2332 2793 prope
2383 2721 2512 2769 eu-

496 2798 732 2871 bicula
781 2804 1118 2890 instituta,
1172 2804 1690 2878 oblectamenta
1746 2811 1818 2873 et
1872 2798 2084 2873 ludos
2136 2797 2511 2891 agitabant,

498 2920 663 2993 quo,
720 2903 837 2972 die
890 2904 1365 2997 procedente,
1416 2903 1743 2976 homiues
1795 2924 1889 2973 ex
1943 2900 2287 2974 cubiculis
2340 2922 2512 2970 cou-

497 3002 726 3071 fluere
777 3015 1177 3094 euenerunt,
1242 3006 1381 3076 hoe
1449 3003 1944 3076 delectabilius
1997 3004 2508 3086 existimanteS,

497 3119 707 3193 quam
733 3103 1003 3194 jugiter
1031 3104 1311 3195 poculis
1347 3105 1721 3193 adsidere3
1774 3108 2008 3198 itaque
2060 3104 2314 3175 factum
2372 3112 2507 3186 est,

496 3210 574 3271 ut
620 3205 861 3294 pauci,
914 3213 1178 3296 praeter
1229 3226 1486 3297 regeS,
1538 3208 1608 3276 iu
1660 3205 1987 3277 cubiculo
2040 3209 2508 3275 remanerent.

494 3300 682 3373 Mox
737 3302 993 3373 eedem
1045 3307 1357 3395 ingressi
1412 3305 1670 3377 milites
1701 3309 1897 3398 regis
1925 3304 2235 3390 Sveiuis,
2285 3302 2506 3373 Thet-

496 3399 710 3473 levus
758 3402 966 3477 Edlae
1015 3404 1204 3478 filius
1255 3429 1414 3481 cum
1465 3406 1732 3502 aliquot
1782 3406 1963 3493 aliis,
2014 3409 2173 3498 regi
2213 3399 2502 3477 Sveini¹

494 3504 777 3592 signum
828 3503 1200 3609 dederunt.
1302 3506 1447 3600 Qui
1500 3530 1711 3602 quum
1767 3511 1875 3579 eis
1946 3506 2202 3578 obvius
2252 3505 2506 3575 adsur-

495 3604 834 3691 rexisset,
887 3614 963 3675 et
1001 3607 1371 3704 paulisper
1419 3613 1605 3681 inter
1653 3630 1763 3696 se,
1810 3606 2206 3679 clanculum
2246 3615 2505 3692 tamen,

495 3699 838 3776 collocuu
867 3705 1198 3797 tuissent,
1241 3730 1592 3803 egressus
1621 3730 1781 3780 cum
1811 3710 1922 3779 eis
1949 3708 2233 3778 demum
2264 3728 2504 3801 quam-

495 3798 656 3874 dam
720 3808 1039 3897 intravit,
1120 3809 1363 3905 ibique
1430 3828 1611 3881 sese
1677 3807 2022 3897 occuluit3
2100 3805 2505 3879 Tbetlevus

442 3996 448 4001 .
495 3922 675 3977 vero
725 3917 801 3979 et
848 3905 1103 3982 Tolius
1151 3909 1481 4002 Hemingi
1530 3906 1720 3981 filius
1771 3917 1847 3980 et
1872 3905 2181 4000 Yngvar
2207 3906 2503 3993 Kveisa,

496 4010 1129 4103 ceteriqueregis
1168 4008 1463 4082 Sveiuis
1514 4011 1756 4096 intimi,
1811 4009 1901 4081 ad
1951 4007 2379 4094 cubiculum,
2429 4009 2502 4076 in

520 4124 527 4131 ⁴
569 4123 643 4204 “)’
665 4154 794 4194 nutu
831 4141 1024 4213 capitia,
1062 4141 1191 4196 add.
1217 4143 1278 4205 G,
1315 4143 1406 4214 qui
1429 4144 1518 4196 dat
1550 4141 1822 4203 wanhun,
1862 4164 1891 4199 a
1914 4141 2097 4195 vankoe
2117 4142 2280 4209 (Dan.
2300 4139 2500 4206 vinkc).
