2950 4684
354 1276 561 1411 Qum.
600 1326 662 1389 in
705 1325 827 1391 hoc
863 1321 1172 1391 volumine
1196 1323 1583 1399 continentur
1606 1326 1833 1410 scripta
1852 1314 2185 1413 historica,
2208 1334 2357 1403 sunt

349 1433 700 1514 sequentiae
875 1500 879 1507 ,
1823 1447 1843 1455 ’

517 1537 581 1603 1.
664 1534 966 1598 Historia
1007 1533 1089 1595 de
1121 1534 1362 1615 piratio
1400 1530 1824 1614 Jomemffim,
1862 1536 2204 1605 secundum
2242 1558 2355 1607 co-

352 1637 551 1700 dicem
594 1637 1053 1703 membraneum
1093 1633 1308 1713 Legati
1345 1637 1844 1718 Arnamagnaeani
1883 1641 1960 1707 N.
1988 1641 2114 1708 291
2144 1642 2357 1719 forma

353 1746 581 1823 quartae
626 1747 789 1818 (not.
832 1741 920 1806 lit.
961 1746 1083 1818 A),
1125 1741 1231 1820 qui
1267 1747 1528 1805 exeunte
1571 1742 1778 1807 seculo
1822 1744 1924 1824 13,
1964 1751 2070 1809 aut
2103 1746 2358 1825 ineunte

355 1846 442 1910 14
490 1852 804 1924 exaratae,
881 1845 1282 1924 codicumque
1339 1845 1869 1911 membraneorum
1923 1847 2359 1931 Ishndicorum

352 1950 417 2011 in
457 1950 881 2014 vetustissimis
906 1966 1065 2015 ,esse
1095 1951 1373 2027 putatur,
1444 1947 1617 2029 cujus
1656 1954 1992 2016 accuratior
2031 1955 2361 2036 descriptio

352 2054 480 2132 peti
518 2059 725 2133 potest
766 2072 842 2114 ex
881 2050 1232 2131 praefatione
1263 2051 1531 2113 Forum.
1575 2050 1637 2112 S.
1672 2053 1811 2121 Vol.
1855 2055 1958 2118 11.
2044 2054 2201 2121 Cum
2239 2056 2362 2131 hoc

354 2157 564 2231 codice
604 2157 800 2218 collati
839 2161 982 2225 suut
1020 2160 1146 2221 tres
1187 2153 1286 2215 alii
1328 2152 1603 2215 codices:
1669 2161 1741 2230 a)
1792 2157 2209 2239 apographum
2249 2179 2360 2233 09-

356 2261 502 2323 dicis
546 2261 918 2322 membranei
957 2260 1034 2324 N.
1077 2259 1116 2319 ⁷
1158 2256 1543 2319 Bibliotheca}
1585 2260 1765 2337 regiae
1790 2259 2183 2347 Holmiensis‚
2224 2283 2361 2329 ma..

359 2383 442 2438 nu
483 2364 723 2445 propria
761 2361 822 2426 b.
865 2361 1072 2422 Raskii
1113 2366 1459 2440 exceptum,
1496 2365 1769 2424 notatum
1808 2363 1895 2428 lit.
1936 2366 2031 2449 R,
2071 2367 2133 2428 in
2169 2371 2363 2453 priori

355 2466 618 2541 historiae
658 2464 945 2545 particula
982 2467 1306 2529 maximam
1349 2469 1584 2547 partem
1626 2484 1768 2528 cum
1813 2465 1963 2534 Cod.
2005 2472 2077 2535 A·
2113 2473 2360 2552 conspi-

357 2590 534 2651 rans»,
576 2571 691 2635 etsi
733 2569 1185 2654 expositionem⁸
1215 2570 1518 2650 aliquanto
1572 2573 2068 2657 contractiorem,
2122 2575 2183 2635 in
2229 2574 2360 2654 pri-

358 2677 477 2736 mis
516 2652 579 2735 in
606 2673 896 2756 particula
921 2674 1262 2753 posteriori,
1304 2679 1602 2752 sectetur;
1650 2677 1989 2739 secundum
2013 2677 2178 2756 quod
2205 2695 2361 2756 apo-

278 2792 291 2796 ·
360 2778 656 2858 graphum
697 2777 984 2857 particula
1025 2778 1327 2856 posterior
1346 2821 1364 2856 ,
1403 2778 1653 2840 historia
1695 2778 1771 2839 de
1813 2781 2017 2855 piratis
2058 2779 2364 2840 lomensi-

358 2884 510 2961 hus,
580 2887 827 2945 curante
881 2880 1181 2943 Societate
1234 2884 1469 2957 nostra,
1547 2880 1704 2940 edita
1759 2885 1856 2947 est
1895 2878 2132 2942 Hafniae
2175 2881 2363 2955 1824,

362 2989 429 3064 b)
470 2987 737 3047 Historia
775 2986 1101 3066 piratarum
1142 2982 1555 3061 Jomensium,
1600 2984 1839 3063 qualem
1879 2972 2144 3051 historiae
2190 2983 2366 3055 Olavi

361 3088 716 3169 Tryggvidae
767 3086 843 3149 N.
899 3073 975 3152 R.
1033 3088 1291 3153 intexuit
1344 3085 1551 3149 Codex
1591 3086 1963 3168 Flateyensis
2007 3091 2176 3168 (1⁵03
2240 3108 2365 3169 quo

362 3195 623 3274 pertinet
668 3193 964 3273 expositio
1007 3191 1270 3253 historiae
1312 3189 1488 3253 Olavi
1512 3191 1861 3277 Tryggvidae
1879 3236 1898 3272 ,
1970 3172 2145 3256 editae
2189 3193 2366 3255 Skal-

363 3298 515 3359 holti
552 3299 611 3357 in
655 3294 913 3359 Islandia
958 3295 1155 3374 1689,
1217 3312 1331 3357 nec
1374 3314 1496 3355 non
1548 3296 1835 3373 cartacei,
1896 3295 1974 3361 N.
2020 3295 2134 3376 14,
2175 3294 2260 3359 ‘15
2305 3290 2369 3379 ej:

367 3401 473 3477 5⁷,
513 3398 721 3461 formae
765 3401 1075 3485 maximae,
1120 3403 1183 3460 et
1218 3397 1293 3462 N.
1335 3399 1462 3462 288
1503 3405 1566 3461 et
1601 3400 1730 3462 292
1770 3398 1978 3460 formae
2022 3404 2247 3477 quartae
2291 3417 2370 3471 ex

368 3503 736 3567 Collectione
776 3501 1317 3580 Arnamagnaeana3
1390 3502 1495 3581 qui
1549 3503 1789 3567 codices
1843 3503 1918 3564 ad
1973 3502 2249 3589 codicem
2300 3505 2370 3573 Α

365 3608 642 3689 proxime
685 3606 1003 3684 accedunt,
1045 3623 1185 3666 cum
1229 3623 1426 3685 eoque
1469 3606 1785 3687 permultis
1807 3606 1955 3667 locis
1998 3607 2073 3668 ad
2113 3606 2372 3670 verbum

371 3715 711 3795 congruunt
741 3711 812 3783 in
854 3710 1173 3791 posteriori
1210 3714 1378 3787 parte
1420 3709 1706 3775 historiae.
1807 3715 1896 3787 c),
1921 3709 2128 3773 Codex
2171 3724 2371 3777 mem-

369 3815 657 3893 braneus,
703 3812 781 3878 N.
828 3810 954 3876 510
991 3811 1183 3881 forma
1225 3815 1450 3894 quarti,
1510 3833 1587 3875 ex
1628 3812 1876 3877 Collect.
1918 3811 2164 3883 Arnam.
2210 3815 2374 3889 (not.

369 3918 461 3983 lit.
503 3916 616 3999 B),
657 3917 896 3987 decimo
930 3919 1163 3997 quint0,
1205 3922 1274 3979 ut
1311 3921 1578 3998 putatur,
1619 3917 2181 3992 seculoexaratus3
2219 3913 2373 3976 inci-

371 4024 466 4103 pit
503 4040 541 4083 a
579 4021 868 4100 particula
906 4021 1263 4103 posteriori,
1302 4010 1644 4101 ceterisque
1685 4020 1876 4088 multo
1914 4016 2259 4098 verbosior,
2299 4016 2377 4080 ad

372 4110 778 4188 recentiorem
819 4125 1146 4191 dictionem
1186 4124 1349 4192 haud
1389 4143 1605 4208 parum
1644 4122 1907 4191 inclinat.
1988 4121 2149 4189 Huic
2187 4121 2381 4188 codici
