2950 4684
309 319 382 381 c.
405 317 471 382 3.
832 321 931 371 on
952 321 1293 371 nemu-rs
1332 319 1814 371 senesanna.
2210 295 2312 383 11

308 526 467 575 non·
502 507 736 576 minus
788 505 1119 577 tributum
1172 509 1299 592 iri,
1380 510 1517 579 etsi
1587 508 1900 598 majores
1947 515 2113 579 natu
2165 505 2317 601 ple-

308 627 609 700 rumque
650 606 967 677 ‘consilio
1016 604 1481 699 praevaleant3
1534 610 1673 680 hos
1701 617 1961 692 autem,
2011 607 2098 677 ad
2130 628 2318 701 quos

305 709 440 776 ista
512 709 906 799 pertinent,
983 707 1291 777 nondum
1359 719 1532 800 puto
1608 710 1678 777 in
1749 706 1985 778 lucem
2050 710 2319 779 editos:

308 806 607 877 canibus
660 809 843 876 enim
898 806 1297 879 tacentibus
1351 807 1690 879 lati-arunt
1739 807 1953 878 catuli
2007 808 2314 878 nondum

307 910 381 976 iu
430 907 665 977 lucem
723 909 911 978 editi.
1011 904 1325 979 Tertium
1380 908 1777 1001 prodigium
1811 908 2021 981 fuere
2060 908 2319 979 fluctus

312 1007 706 1093 decumani,
758 1029 1055 1101 quorum
1093 1007 1391 1079 alterum
1418 1011 1488 1077 in
1514 1012 1715 1080 sinus
1744 1018 1942 1103 parte
1973 1011 2319 1094 interiori,

307 1105 607 1179 alterum
661 1111 732 1178 in
774 1112 1195 1195 exteriore,
1269 1123 1365 1179 ex
1433 1110 1743 1180 adverso
1815 1117 2320 1201 exsurgente&

308 1208 548 1279 medio
599 1212 762 1279 sinu
814 1219 1349 1294 concurrentes,
1408 1221 1484 1281 et
1544 1213 1830 1306 mutuis·
1865 1208 2318 1303 amplexibus

307 1312 496 1380 inter
546 1331 632 1379 se
686 1307 1114 1381 collidentes
1167 1313 1715 1403 conspeximus,
1777 1332 2070 1404 quorum
2126 1319 2320 1381 motu

310 1408 662 1480 turbatum
751 1430 942 1480 mare
1027 1412 1489 1501 sangvineum
1586 1409 1905 1481 colorem
1990 1410 2323 1481 reddidit.

313 1508 441 1581 His
512 1511 836 1602 portendi
912 1519 1089 1603 puto
1150 1513 1463 1582 virorum
1545 1514 1930 1605 potentium
2000 1510 2318 1597 dissidia,

311 1632 472 1702 quae
528 1610 662 1681 hac
713 1614 782 1679 in
836 1621 1026 1681 terra
1079 1613 1438 1697 orientur,
1491 1612 1683 1683 unde
1735 1616 1979 1705 gravia
2032 1609 2315 1706 praelio-

311 1730 465 1780 rum
497 1710 997 1803 bellorumque
1026 1713 1348 1781 incendia
1381 1723 1776 1804 erumpent,
1803 1734 2100 1807 quorum
2132 1714 2318 1782 scin·

310 1809 502 1881 tillas
554 1810 829 1904 aliquas
879 1813 949 1880 in
999 1814 1226 1881 sinum
1256 1808 1621 1899 Limicum,
1671 1813 1792 1883 ubi
1830 1822 2155 1907 portenta
2175 1814 2317 1904 jam

310 1921 695 1982 memorata
764 1911 972 1982 nobis
1041 1911 1275 1982 oblata
1324 1923 1522 2000 sunt,
1589 1935 1912 2006 sparsum
1963 1917 2089 1998 iri,
2162 1914 2319 1984 veri

309 2033 454 2082 non
506 2021 623 2083 est
671 2010 1014 2082 absimile.
1116 2012 1308 2098 Rex,
1358 2018 1474 2083 cui
1529 2026 1945 2105 persv‘asum
1999 2020 2201 2082 esset
2225 2012 2320 2080 de

310 2110 564 2183 horum
620 2113 961 2183 dictorum
988 2115 1312 2197 veritate,
1363 2113 1805 2205 prudentiam
1843 2114 2164 2204 dynastae
2194 2111 2318 2181 ad·

313 2215 641 2298 miratus,
713 2216 899 2283 omni
967 2212 1242 2305 abjecta
1310 2215 1448 2298 ira,
1517 2234 1782 2284 socero
1861 2214 2317 2284 securitatem

309 2335 704 2406 pacemque
756 2317 1149 2401 concessit3
1211 2335 1367 2383 nam
1418 2313 1692 2399 ferunt,
1761 2325 2130 2407 antequam
2184 2334 2319 2384 rex

312 2423 389 2483 et
439 2414 740 2505 dynasta
790 2416 1099 2506 ingressi
1151 2417 1410 2486 curiam
1466 2425 1740 2500 essent,
1791 2414 2223 2502 subornatos
2274 2436 2317 2485 a

311 2535 517 2606 rege,
572 2517 689 2608 qui
743 2514 1109 2606 dynastam
1162 2513 1358 2586 ferro
1410 2515 1853 2601 invaderent,
1904 2517 1968 2586 si
2001 2516 2136 2606 ipsi
2187 2535 2314 2584 ue-

309 2614 656 2709 gligentia
704 2624 782 2687 et
827 2613 1163 2708 superbia
1234 2615 1553 2708 dynastae
1608 2615 1861 2687 factum
1934 2616 2321 2699 videretur,

312 2725 393 2786 ut
444 2718 709 2808 saepius
758 2715 848 2785 ad
911 2718 1309 2786 convivium
1380 2720 1707 2788 invitatus
1777 2737 2124 2808 nunquam
2190 2735 2315 2785 ve-

312 2819 560 2901 nisset,
613 2815 802 2909 quod
856 2814 1377 2886 intellecturum
1429 2837 1541 2902 se,
1591 2816 1712 2885 ubi
1766 2818 1836 2884 in
1883 2813 2314 2906 colloquium

310 2919 556 2987 soceri
582 2918 930 3001 venisset,
978 2915 1415 3004 confidebat3
1471 2938 1660 2986 nunc
1685 2914 1887 3002 vero,
1933 2914 2123 3007 quod
2177 2932 2317 2983 non

310 3016 691 3103 adfuiffiet,
740 3019 915 3087 satis
970 3037 1140 3086 esse
1196 3036 1433 3088 causae
1477 3015 1856 3108 judicabat.
1954 3015 2086 3086 His
2134 3016 2317 3085 aetis

311 3136 448 3187 rex
500 3127 576 3187 et
627 3118 926 3208 dynasta
987 3137 1030 3186 a
1093 3115 1455 3212 colloquio
1517 3118 1948 3204 abscedunt,
2020 3117 2319 3208 dynasta

311 3216 739 3311 aliquantum
791 3219 1134 3310 temporis
1184 3219 1368 3310 apud
1423 3239 1766 3311 generum
1801 3218 2158 3308 magnoin
2190 3215 2317 3286 ho-

312 3338 491 3388 nore
545 3326 903 3389 versante.
1015 3316 1202 3389 Post
1251 3317 1407 3389 haec
1459 3338 1689 3410 gener
1754 3339 1840 3389 ac
1891 3337 2110 3387 socer
2160 3336 2319 3407 gra-

310 3420 409 3488 tia
458 3417 913 3489 reconciliata
951 3420 1366 3512 integraque
1418 3421 1719 3490 amicitia
1774 3419 2082 3509 digressi
2139 3424 2318 3487 sunt.

310 3516 478 3588 Rex
543 3518 909 3609 dynastam
975 3518 1489 3609 digredientem
1562 3522 1842 3591 eximiis
1909 3516 2323 3590 muneribus

311 3627 745 3712 prosecutus
798 3628 943 3705 est3
1012 3617 1128 3689 hic
1197 3622 1434 3715 itaque
1505 3643 1664 3691 cum
1734 3618 2109 3691 comitibus
2178 3618 2321 3689 dis·

313 3721 559 3804 cessit,
612 3720 1037 3812 domumque
1088 3740 1434 3792 reversus
1487 3731 1619 3792 est.
1719 3720 1919 3792 Haud
1977 3722 2071 3789 ita
2100 3716 2321 3788 multo

313 3831 479 3913 post
530 3818 887 3892 Haraldus
938 3820 1237 3912 dynasta
1289 3822 1359 3887 in
1411 3830 1644 3891 terras
1672 3820 2026 3891 australes
2068 3836 2320 3888 susce·

310 3928 435 4013 pto
487 3922 744 3991 itinere
798 3924 1125 4014 pervenit
1169 3923 1240 3991 in
1294 3917 1702 4007 Saxoniam,
1752 3919 2152 3990 christianae
2206 3937 2319 3987 re-

313 4019 563 4112 ligioni
629 4042 887 4095 uomen
959 4021 1191 4107 dedit,
1270 4039 1509 4113 neque
1569 4028 1826 4115 postea
1892 4038 2188 4112 unquam
2250 4020 2322 4091 in

313 4141 615 4214 regnum
666 4143 872 4197 suum
924 4142 1271 4197 reversus
1324 4128 1454 4195 est.
