2950 4684
570 325 670 397 Vl

574 547 853 610 magnam
895 531 1130 608 partem
1173 527 1475 607 adspirant
1516 527 1769 589 cartacei
1786 573 1808 605 ,
1870 526 1944 590 N.
2008 527 2088 591 13
2145 530 2207 592 in
2249 529 2426 614 solio,
2492 533 2569 602 N.

570 635 718 711 289,
758 633 909 713 290,
946 633 1073 698 293
1114 634 1174 692 in
1218 636 1452 710 quarto,
1497 650 1533 691 e
1577 628 1821 693 Collect.
1871 631 2115 694 Arnam.
2161 632 2303 708 Quo
2346 643 2407 699 et
2438 639 2570 700 edi-

572 739 656 801 tio
695 736 1247 814 Hamarskoldiana,
1288 734 1493 796 Holm.
1539 734 1723 813 1815,
1767 738 2071 813 pertinere
2110 738 2365 801 videtur.

737 842 802 905 2.
890 843 1264 904 Encomt‘um
1285 841 1662 923 piratarum
1680 836 2093 915 Jomenat‘um,
2135 848 2382 903 auctore
2405 842 2572 922 Bjar-

575 949 677 1008 nio
720 947 1041 1025 episcop0,
1084 963 1159 1005 ex
1203 943 1410 1004 codice
1452 941 1874 1019 membraneo,
1916 942 2151 1021 Magnae
2190 944 2575 1007 Bibliothecae

574 1052 781 1129 Regias
824 1053 1178 1111 ornamento
1198 1092 1217 1125 ,
1261 1047 1365 1125 qui
1401 1045 1637 1106 Eddam
1680 1045 2061 1107 Snorrianam
2106 1050 2406 1126 continet,
2462 1050 2574 1110 de-

575 1158 867 1230 sumtum,
908 1155 1094 1212 notat.
1136 1151 1222 1211 lit.
1269 1153 1352 1212 A.
1438 1145 1622 1221 Quod
1665 1151 2007 1212 encomium
2052 1170 2239 1229 quum
2272 1155 2333 1212 in
2364 1154 2574 1214 codice

574 1259 770 1335 ipsam
806 1254 1042 1316 Eddam
1088 1253 1362 1332 excipiat,
1405 1259 1467 1314 et
1508 1254 1567 1313 in
1607 1255 1725 1313 ima
1765 1254 1982 1332 pagina
2018 1255 2301 1326 desinens
2342 1257 2417 1318 ab
2458 1257 2574 1318 alio

573 1360 839 1422 carmine
880 1358 1228 1436 excipiatur,
1270 1361 1552 1434 apparet,
1593 1355 1796 1434 plures
1837 1374 2051 1418 versus
2092 1356 2273 1435 hujus
2317 1361 2575 1419 encomii

573 1466 634 1525 in
676 1463 884 1524 codice
925 1480 1048 1523 non
1092 1461 1395 1537 extitisse,
1439 1479 1782 1539 quanquam
1827 1464 2216 1541 perspicuum
2258 1464 2362 1539 sit,
2388 1463 2577 1531 ,idem

576 1584 611 1629 a
649 1571 821 1645 parte
861 1570 1167 1644 postrema
1208 1581 1492 1624 mancum
1526 1581 1684 1624 esse.
1769 1565 2201 1645 Apographum
2242 1566 2422 1645 hujus
2463 1585 2576 1626 en-

576 1670 789 1748 comii,
851 1688 885 1757 a
928 1668 1241 1730 sacerdote
1280 1652 1433 1728 Ione
1489 1667 1733 1728 Erlendi
1773 1657 1896 1728 ‘filio
1941 1688 2017 1728 ex
2060 1673 2199 1730 ante
2241 1674 2575 1730 memorato

573 1760 761 1835 Eddae
804 1774 1010 1835 codice
1052 1772 1443 1850 descriptum,
1489 1771 1649 1854 qupd
1696 1771 1836 1831 olim
1869 1773 2157 1850 episcopo
2198 1772 2297 1839 Br.
2339 1772 2575 1835 Sveno-

575 1878 676 1939 nio
732 1872 958 1955 fuerat,
1029 1881 1227 1938 servat
1282 1874 1489 1936 Codex
1545 1873 1618 1934 N.
1674 1873 1755 1934 65
1798 1873 1991 1963 forma
2044 1875 2168 1937 folii
2224 1877 2282 1937 in
2330 1875 2575 1937 Collect.

574 1980 817 2043 Arnam.
908 1976 1194 2041 Ceterum
1247 1978 1407 2037 idem
1456 1979 1801 2038 encomium
1845 1997 1984 2039 cum
2042 1979 2190 2041 Cod.
2250 1979 2329 2043 61
2385 1980 2578 2067 forma

572 2080 720 2159 folii,
763 2083 1098 2145 secundum
1158 2098 1343 2160 quem
1395 2079 1643 2141 historia
1696 2080 1871 2143 Olavi
1912 2082 2264 2162 Tryggvidae
2320 2085 2578 2163 impres-

576 2205 645 2251 sa
686 2192 784 2249 est
819 2184 1001 2248 Hafn.
1048 2184 1291 2248 1825-’7
1333 2186 1485 2261 (not.
1528 2183 1612 2245 lit.
1680 2184 1800 2271 0),
1874 2185 2154 2248 collatum
2213 2194 2276 2250 et
2326 2189 2578 2268 supple-

576 2297 707 2355 tum
751 2296 865 2355 est.

744 2399 808 2459 3.
894 2395 1196 2459 Historia
1241 2393 1716 2458 Knutae‘darum.
1801 2391 2001 2473 Hujus
2023 2396 2213 2476 prima
2239 2414 2376 2476 pars
2411 2400 2575 2475 (cap.

579 2506 618 2569 1
663 2503 737 2566 ad
779 2500 1015 2563 initium
1067 2517 1196 2578 cap.
1238 2499 1353 2573 28)
1406 2499 1683 2561 desumta
1741 2503 1834 2560 est
1888 2519 1964 2560 ex
2022 2500 2228 2563 codice
2283 2505 2578 2579 cartaceo,

575 2607 652 2669 N.
693 2605 816 2684 20,
869 2606 931 2667 d.
978 2602 1170 2665 forma
1214 2604 1439 2681 quarti,
1496 2602 1739 2663 editioni
1783 2603 2014 2665 Hasniae
2052 2604 2251 2676 ,forma
2293 2604 2417 2666 folii
2459 2606 2578 2665 im-

575 2727 805 2791 pressae
847 2708 923 2770 ad
965 2707 1167 2769 omnia
1206 2724 1508 2784 congruo,
1566 2710 1771 2767 notato
1820 2707 1904 2769 lit.
1950 2711 2019 2770 A
2029 2733 2057 2784 ‚·
2126 2711 2399 2788 proxima
2440 2727 2581 2788 pars

579 2815 688 2892 (ab
728 2810 895 2875 initio
939 2830 1069 2892 cap.
1111 2812 1198 2874 28
1238 2811 1313 2872 ad
1358 2810 1544 2872 finem
1588 2829 1717 2890 cap.
1759 2811 1871 2888 88)
1916 2830 1990 2874 ex
2044 2814 2250 2874 codice
2275 2812 2579 2873 membra-

577 2937 720 2997 neo,
759 2916 835 2979 N.
882 2914 1025 2992 180,
1069 2916 1125 2977 ὀ.
1169 2913 1361 2976 forma
1402 2913 1556 2993 folii,
1599 2921 1802 2977 notato
1844 2917 1928 2978 lit.
1977 2919 2070 2992 B,
2113 2936 2187 2980 eo
2232 2917 2394 2996 quod
2439 2917 2580 2978 olim

576 3022 876 3084 librariam
919 3020 1185 3098 episcopi
1226 3016 1531 3097 Brynquvi
1575 3019 1857 3081 Svenonii
1891 3025 2168 3101 ornarat3
2211 3021 2421 3084 ultima
2443 3038 2582 3100 pars

581 3130 653 3202 (a
703 3143 834 3204 cap.
885 3122 970 3184 88
1024 3121 1100 3182 ad
1144 3121 1330 3181 finem
1389 3140 1584 3199 usque
1639 3123 1940 3204 historiae]
1998 3144 2074 3185 ex
2131 3126 2394 3187 editione
2450 3124 2581 3185 Ha-

578 3229 799 3292 fniensi
844 3230 1079 3301 (notata
1118 3224 1202 3285 lit.
1232 3224 1360 3302 K),
1401 3226 1703 3305 simulque
1736 3246 1811 3287 ex
1836 3229 2208 3307 autographo
2235 3229 2410 3317 Arnas
2445 3226 2580 3289 Ma-

582 3333 739 3414 gnoei
779 3331 891 3393 No.
939 3330 1019 3392 18
1062 3328 1254 3390 forma
1296 3326 1453 3406 folii,
1510 3335 1714 3392 notato
1770 3332 1854 3393 lit.
1902 3332 2010 3410 M,
2053 3331 2216 3411 quod
2259 3333 2582 3392 maximam

578 3441 815 3518 partem
858 3453 999 3497 cum
1042 3430 1116 3493 K
1151 3433 1474 3512 conspirat.
1531 3431 1686 3496 Cum
1729 3433 2171 3501 hiscodicibus
2206 3435 2398 3496 collati
2440 3439 2584 3495 sunt

580 3544 909 3617 sequentes
952 3535 1193 3600 codices
1237 3540 1299 3597 et
1340 3537 1703 3615 fragmenta:
1782 3539 1837 3600 0
1879 3565 1959 3588 =
2016 3542 2322 3599 cartaeeus
2379 3536 2454 3598 N.
2501 3538 2580 3600 19

580 3642 774 3705 forma
831 3641 986 3719 solii,
1049 3640 1151 3718 qui
1204 3639 1411 3718 incipit
1464 3657 1500 3701 a
1556 3658 1686 3721 cap.
1743 3641 1830 3704 22
1868 3647 1930 3702 et
1969 3642 2231 3718 pertinet
2273 3659 2467 3719 usque
2507 3640 2585 3703 ad

581 3745 770 3808 finem
808 3744 1108 3820 historiae3
1152 3741 1229 3803 K
1266 3773 1344 3796 =
1391 3748 1700 3805 cartaceus
1740 3744 1814 3805 N.
1855 3743 1934 3806 18
1974 3741 2168 3803 forma
2205 3741 2360 3822 folii,
2401 3744 2582 3823 paulo

581 3855 723 3913 ante
783 3830 1189 3927 memoratus,
1273 3849 1334 3909 in
1392 3866 1515 3928 quo
1566 3865 1786 3926 magna
1836 3846 2098 3908 historiae
2157 3864 2295 3926 pars
2352 3847 2492 3908 inde
2547 3865 2585 3909 a

583 3972 715 4032 cap.
757 3954 800 4016 3
841 3970 1037 4032 usque
1077 3952 1155 4015 ad
1197 3969 1328 4031 cap.
1370 3952 1457 4015 82
1498 3952 1907 4028 desideratum
1948 3954 2207 4029 quatuor
2252 3948 2587 4028 fragmenta

583 4055 1003 4138 membranea,
1042 4055 1118 4118 N.
1160 4055 1281 4136 20,
1325 4070 1378 4118 a.
1422 4054 1482 4118 b.
1525 4071 1578 4118 c.
1620 4052 1815 4118 forma
1854 4052 2014 4137 folii,
2056 4072 2133 4118 ex
2176 4053 2422 4120 Collect.
2467 4055 2585 4116 Ar-
