2950 4684
620 324 794 415 m
1159 353 1525 403 maroam
1578 353 2096 403 numanum.
2419 352 2492 414 c,
2535 349 2640 415 48.

1383 537 1641 610 Caedes
1698 536 1899 610 Tolii.
2617 551 2626 562 ·

823 638 945 710 48.
1045 637 1205 710 Hoc
1255 638 1349 721 de
1398 637 1848 733 profectione
1913 631 2188 709 Thordi
2250 638 2495 711 Skorii
2548 661 2637 712 ac

621 739 912 813 Tolaris
961 738 1424 826 narrandum,
1497 740 1731 834 quod,
1811 759 1950 833 qua
1997 736 2461 830 Thorgnnnae
2509 739 2634 811 filii

624 849 1191 937 praecesserant,
1311 839 1569 911 eodem
1642 840 1895 911 itinere
1979 838 2636 932 subsequebantur,

624 942 949 1014 omnibus
966 939 1366 1012 hominibus
1384 938 1994 1035 palam-sacienteS‚
2012 959 2099 1009 se
2127 939 2635 1012 multitudinem

623 1047 827 1116 istam
898 1043 1250 1113 adversus
1317 1062 1568 1132 regem
1633 1039 1944 1112 Knutnm
1998 1040 2359 1112 ducturos,
2462 1041 2637 1113 Haec

620 1143 995 1215 multitudo
1045 1159 1300 1233 magno
1353 1140 1599 1212 surore
1653 1144 1792 1211 iter
1834 1139 2175 1228 faciebat3
2227 1150 2302 1212 et
2342 1153 2422 1213 ut
2444 1145 2636 1235 quis-

620 1264 763 1338 que
820 1239 1000 1313 hanc
1048 1243 1431 1312 novitatem
1481 1241 1665 1312 fama
1689 1250 2095 1335 acceperat,
2146 1241 2636 1315 siveeoforte

622 1344 1075 1429 advenisset,
1127 1344 1287 1414 sive
1338 1352 1546 1413 antea
1595 1342 1695 1413 ibi
1745 1344 2173 1414 constitutus
2227 1351 2467 1429 esset,
2517 1363 2637 1414 ac-

622 1464 921 1518 currere
978 1452 1052 1513 et
1101 1445 1518 1514 societatem
1554 1444 2030 1537 expeditionis
2057 1442 2397 1534 flagitare.
2459 1441 2637 1516 Inde

623 1546 829 1616 brevi
881 1555 1205 1637 tempore
1266 1543 1524 1635 ingens
1588 1542 1851 1636 globus
1913 1541 2266 1613 hominum
2334 1542 2635 1636 collige·

621 1646 863 1730 batur,
914 1647 1070 1738 qui,
1122 1664 1551 1738 quocunque
1605 1646 1967 1729 venirent,
2020 1646 2247 1714 omnia
2300 1665 2458 1738 quae
2508 1665 2636 1737 po·

620 1696 978 1819 stulab'ant
1041 1746 1520 1837 impetrarunt.
1658 1742 1789 1815 His
1857 1737 2162 1835 cognitis
2225 1741 2482 1815 Tolius
2546 1766 2637 1816 ae

621 1848 775 1933 sui,
850 1849 985 1941 qui·
1018 1847 1291 1915 interea
1364 1866 1588 1939 prope
1650 1845 1737 1914 ad
1794 1844 2130 1938 oppidum
2180 1842 2464 1939 aliquod
2514 1867 2634 1918 ac·

621 1956 1038 2032 cesserant,
1137 1948 1464 2017 exercitu
1532 1954 1924 2038 conspecto
2007 1945 2263 2016 eodem
2323 1947 2631 2038 ingressi

620 2055 847 2135 sunt,
878 2046 1246 2141 oppidanis
1297 2045 1765 2131 hortantibus,
1818 2045 2446 2139 monentibusque,
2495 2044 2636 2119 hos

623 2152 743 2243 qui
797 2149 1143 2219 exercitui
1192 2155 1594 2240 praeessent
1645 2144 1815 2216 nihil
1867 2168 2009 2215 non
2059 2165 2386 2218 ausuros,
2485 2145 2630 2218 To-

621 2248 760 2319 lius
810 2269 966 2318 eum
1020 2245 1287 2339 aliquot
1335 2268 1629 2317 suorum
1680 2249 1751 2316 in
1816 2248 2057 2316 turrim
2112 2246 2456 2340 quandam
2507 2250 2631 2320 ad·

620 2348 921 2433 scendit,
973 2354 1521 2440 praetereuntem
1575 2344 2084 2418 multitudinem
2116 2346 2347 2418 oculis
2376 2347 2632 2421 lustra·

620 2458 864 2534 turnS,
942 2459 1021 2521 ut
1071 2468 1276 2539 quam
1328 2448 1784 2518 exactissime
1855 2468 2219 2519 numerum
2273 2451 2632 2541 copiarum

621 2558 1143 2641 cognosceret3
1206 2567 1325 2617 ¹ex
1400 2548 1657 2620 eodem
1726 2546 1892 2619 loco
1950 2550 2316 2643 negotium
2386 2551 2524 2621 sibi
2588 2574 2630 2622 a

620 2670 802 2741 rege
857 2648 1344 2725 demandatum
1398 2669 1742 2742 perorare
1795 2652 2056 2721 statuit.
2155 2645 2495 2723 Thordus
2545 2674 2631 2724 ac

619 2751 772 2837 sui,
841 2752 986 2844 jam
1040 2759 1247 2821 antea
1296 2750 1578 2835 edocti,
1666 2751 1925 2821 missos
1978 2750 2065 2820 ad
2120 2770 2207 2820 se
2260 2748 2539 2845 aliquos
2589 2774 2634 2824 a

535 2930 544 2939 ‚
621 2871 825 2946 rege,
877 2866 1164 2945 quoque
1216 2871 1302 2922 se
1339 2860 1482 2922 tum
1537 2850 1702 2923 loco
1754 2852 2233 2936 continerent,
2297 2854 2630 2945 oppidum

620 2962 1143 3044 praetereuntes
1214 2954 1607 3022 exercitum
1675 2955 1941 3023 sistere
2010 2952 2304 3043 gradum
2358 2951 2632 3046 Jubent.

618 3048 1069 3121 Percontans
1120 3047 1498 3137 Thordus,
1569 3055 1775 3147 ecqui
1828 3054 2187 3173 regiorum
2242 3055 2313 3122 in
2366 3055 2629 3148 oppido

622 3158 892 3234 essent,
942 3149 1138 3221 audit
1186 3150 1475 3236 adesse,
1527 3172 1756 3245 seque
1810 3156 2198 3223 convenire
2235 3143 2466 3243 velle3
2505 3158 2631 3227 ita-

622 3273 760 3346 que
813 3271 1067 3344 magno
1120 3272 1277 3322 cum
1333 3203 1553 3343 globo
1606 3251 1962 3323 hominum
2013 3256 2082 3323 in
2130 3254 2461 3347 oppidum
2506 3258 2630 3327 ad·

619 3352 939 3438 scendit,
1008 3371 1233 3447 prope
1288 3353 1376 3422 ad
1428 3355 1713 3441 turrim,
1765 3357 1837 3424 in
1886 3375 2023 3448 qua
2074 3353 2306 3427 stabat
2353 3354 2629 3452 ToliuS,

619 3453 937 3540 aceedit,
1023 3453 1191 3548 quid
1264 3474 1669 3549 proponere
1735 3457 2001 3547 negotii
2066 3453 2279 3541 velit,
2357 3459 2629 3550 quaerit.

617 3550 874 3623 Tolius
926 3556 1034 3625 sie
1084 3553 1371 3627 loeutus
1423 3564 1571 3626 est·
1659 3578 1856 3654 quo
1871 3555 2049 3627 hane
2119 3556 2629 3628 multitudinem

622 3654 893 3726 ducere
944 3656 1320 3747 cogitatis?
1374 3654 1570 3727 multi
1599 3676 2035 3749 magnopere
2075 3658 2267 3726 scire
2292 3661 2631 3749 gestiunt,

622 3775 826 3866 qnam
878 3754 971 3825 ob
1026 3775 1309 3828 causam
1363 3760 1694 3848 aggressi
1746 3759 1905 3826 sitis
1953 3755 2199 3827 turbas
2260 3760 2633 3829 intestinas

621 3858 721 3926 in
744 3857 968 3949 patria
1019 3860 1411 3945 concitare3
1466 3866 1541 3927 et
1588 3876 1765 3928 vero
1821 3864 1895 3927 tu
1947 3853 2135 3926 haud
2190 3854 2406 3926 dubie
2462 3877 2630 3927 cau·

618 3963 771 4027 sam
821 3958 1083 4049 incepti
1132 3960 1356 4029 vestri
1412 3974 1779 4049 exponere
1831 3974 1972 4024 non
2024 3956 2326 4026 vereris.
2394 3951 2629 4027 Thor-

620 4055 757 4126 dus
808 4065 1085 4127 contra:
1139 4067 1340 4130 recte
1392 4057 1758 4148 conjicis,·
1791 4050 1991 4141 Toli,
2059 4075 2147 4126 ea
2199 4076 2314 4126 me
2365 4058 2632 4128 virtute

621 4161 697 4224 et
746 4152 1074 4227 libertato
1129 4177 1344 4242 esse,
1424 4164 1505 4226 ut
1552 4156 1836 4247 aperire
1887 4154 2441 4252 tihi‚.quamvis.
2472 4156 2634 4254 regi
