2950 4684
630 266 809 363 m
1107 291 1205 341 on
1262 292 1633 343 sumna
1686 290 2120 343 nasamone.

629 483 820 581 enim
873 500 1033 555 cnm
1082 479 1352 572 impare
1401 485 1766 551 certamen
1806 473 1966 547 sore
2000 473 2452 569 praevidebat.
2503 475 2647 570 Igi-

620 573 785 669 “tur,
859 601 1200 677 sperans,
1276 577 1459 651 hanc
1509 598 1793 650 causam
1859 576 1996 648 suh
2060 575 2251 649 aliud
2296 577 2642 668 judicium

633 684 800 757 oiim
852 691 1242 765 venturam,
1291 676 1720 750 absolutioni
1773 676 2285 751 ecclesiasticae
2335 698 2421 749 se
2468 679 2643 751 sub·

630 786 872 870 mittin
941 782 1358 854 sententiam
1390 799 1568 851 vero
1593 782 1776 851 inter
1797 799 1883 849 se
1915 777 2441 872 ecclesiamque
2476 802 2643 874 pro-

631 886 1006 961 nuntiatam
1061 888 1225 957 tunc
1275 880 1502 965 audit,
1576 900 1787 974 quum
1838 877 2428 971 archiepiscopus
2483 901 2635 952 rem

630 982 1160 1079 praemeditatus
1210 980 1479 1065 fuerat3
1532 980 1737 1071 cujus
1764 981 2138 1049 sententiae
2166 999 2435 1050 summa
2458 992 2639 1069 erat,

629 1094 710 1156 ut
761 1082 1043 1158 dimidia
1093 1082 1250 1172 agri
1303 1100 1508 1173 pars,
1575 1098 1735 1171 quae
1785 1076 2048 1152 colono
2102 1087 2295 1163 erat,
2312 1080 2637 1174 templo

628 1183 967 1268 cederet,
1018 1202 1223 1275 quam
1277 1179 1513 1251 lenem
1565 1177 2294 1266 animadversionem,
2372 1179 2635 1253 nullam

629 1284 1140 1359 damnationem
1194 1290 1329 1353 tam
1383 1281 1624 1372 gravis
1662 1280 1994 1364 criminis,
2042 1278 2635 1374 archiepiscopus

625 1381 1023 1479 appellavit.
1128 1380 1451 1455 colonus
1501 1400 1651 1451 rem
1706 1381 1917 1450 tacite
1977 1378 2174 1465 tulit,
2250 1400 2436 1451 nunc
2506 1381 2635 1452 de..

623 1506 810 1559 mum
868 1485 1327 1578 perspiciens,
1379 1501 1522 1573 qno
1575 1490 1780 1573 pacto
1832 1500 2049 1551 causa
2103 1482 2414 1553 instituta
2457 1479 2634 1553 suis-

622 1593 769 1671 set3
833 1602 1069 1674 neque
1121 1590 1356 1655 tamen
1407 1601 1502 1653 eo
1555 1582 1787 1653 minus
1824 1582 2168 1671 jacturam
2231 1601 2432 1651 suam
2483 1580 2630 1653 for-

620 1685 789 1754 titer
839 1680 1032 1766 tulit,
1083 1693 1158 1753 et
1201 1679 1749 1772 archiepiscopo
1804 1679 2102 1751 eandem
2154 1690 2369 1773 atque
2420 1690 2631 1753 antea

621 1780 1097 1854 obedientiam
1147 1777 1532 1875 praestititl.
1632 1777 1913 1850 Interea
1970 1779 2292 1871 procedit
2320 1791 2630 1872 tempus,

622 1882 855 1956 donec
907 1880 1209 1954 colonus
1258 1883 1332 1952 in
1361 1878 1681 1952 morbum
1716 1878 2001 1952 letalem
2031 1880 2396 1955 incideret.
2446 1878 2629 1953 Tum

620 1984 1073 2057 sacerdotem
1127 1983 1470 2074 privatum
1535 1980 1873 2067 advocat,
1950 1988 2027 2051 ut
2092 2001 2216 2051 res
2283 1989 2627 2053 extreme

618 2085 1073 2161 necessitatis
1122 2080 1564 2166 absolveret,
1618 2092 1691 2156 et
1740 2089 2252 2151 sacramentum
2304 2102 2347 2152 a
2378 2090 2624 2153 sancta

620 2183 934 2259 ecclesia
985 2182 1372 2255 ordinatum
1426 2183 1812 2274 accipereb
1924 2178 2119 2252 Inter
2180 2179 2315 2253 alia
2379 2202 2659 2254 θυαε--

620 2283 768 2357 doti
818 2287 926 2355 sic
976 2282 1323 2375 loquitur·
1392 2304 1602 2374 quum
1654 2282 1915 2365 sciam,
1982 2279 2304 2368 domine,
2384 2283 2627 2374 inquit,

615 2393 691 2457 te
744 2385 971 2455 virum
1025 2401 1196 2452 esse
1248 2389 1616 2457 strenuum
1637 2390 1711 2451 et
1739 2380 2233 2468 confidentem,
2267 2382 2625 2475 optimum,

615 2504 826 2579 quem
881 2503 976 2554 ex
1028 2483 1540 2575 possessione
1534 2501 1707 2551 mea
1743 2479 2088 2573 elegeriS,
2118 2501 2399 2576 equum,
2455 2504 2624 2553 una-

614 2605 771 2655 cum
795 2581 1157 2677 ephippio
1210 2578 1663 2675 germanico²
1713 2591 1788 2653 et
1838 2580 2102 2667 frenis,
2170 2584 2443 2655 muneri
2499 2582 2625 2655 tibi

616 2683 790 2757 darc
841 2683 1052 2771 volo,
1127 2691 1240 2774 ut,
1312 2705 1527 2776 quum
1578 2691 1901 2754 mortuus
1952 2702 2122 2769 ero,
2191 2681 2335 2754 tale
2384 2704 2621 2755 meum

606 2786 1000 2859 mandatum
1053 2784 1142 2855 ad
1198 2782 1812 2876 archiepiscopum
1879 2734 2324 2891 Absal’onem
2376 2781 2618 2876 perfe-

609 2908 753 2971 ras,
804 2907 919 2957 me
971 2903 1238 2958 vocare
1293 2905 1454 2965 eum
1507 2886 1579 2952 in
1633 2883 1964 2973 iudicium
2017 2875 2220 2975 regis
2275 2881 2623 2970 coelestis‚

609 2995 689 3056 ut
739 2985 905 3056 mihi
960 3004 1196 3056 coram
1252 3005 1344 3055 eo
1398 2984 1491 3053 de
1544 3002 1720 3076 agro
1775 2984 2184 3076 ceterisque
2236 2982 2456 3055 rebus
2491 3004 2617 3055 eo-

611 3084 772 3159 dem
828 3082 1338 3176 pertinentibus
1389 3083 1840 3176 respondeat.
1945 3080 2312 3156 Sacerdos
2354 3103 2441 3155 se
2473 3106 2622 3155 mu-

606 3205 745 3257 nus
800 3183 1026 3256 hocce
1076 3190 1531 3274 accepturum
1582 3181 1986 3275 pollicetur,
2042 3193 2199 3255 erat
2249 3186 2432 3254 enim
2467 3186 2620 3257 exi·

605 3284 852 3370 mium,
927 3302 1317 3378 quanquam
1389 3282 1666 3373 adjecta
1731 3283 2136 3355 conditione
2187 3283 2615 3378 aliquantum
2689 3316 2693 3323 ·

604 3385 1031 3457 incommodi
1081 3382 1351 3455 habere
1402 3381 1797 3454 videbatur.
1916 3381 2149 3455 Paulo
2205 3394 2370 3478 post
2418 3381 2620 3456 colo-

605 3507 742 3557 nus
793 3484 938 3557 fato
990 3483 1322 3577 fungitur,
1375 3492 1471 3568 et,
1523 3493 1848 3576 quantum
1894 3481 2216 3557 humanis
2250 3481 2484 3559 oeulis
2503 3489 2619 3576 ju-

605 3585 821 3660 dicari
876 3587 1141 3678 potuit,
1219 3584 1501 3679 placide
1552 3586 1837 3677 quievit.
1962 3581 2373 3669 Sacerdos,
2454 3605 2619 3677 quae

601 3682 966 3780 pollicitus
1033 3694 1222 3771 erat,
1304 3686 1764 3776 exsequitur,
1844 3684 1934 3757 ad
2001 3682 2617 3777 archiepiscopum

598 3795 959 3879 properat,
1011 3795 1087 3857 et
1136 3787 1207 3854 in
1259 3782 1590 3876 oppidum
1624 3803 1715 3859 eo
1749 3792 2072 3876 tempore
2103 3785 2415 3871 advenit,
2466 3806 2610 3875 quo

600 3892 927 3980 tempore
979 3886 1219 3979 primis
1251 3884 1517 3953 mensis
1546 3882 2024 3954 accumbebat.
2122 3880 2472 3955 Palatium
2510 3887 2616 3954 in-

601 4006 905 4081 gressus
955 3984 1044 4056 ad
1099 3980 1356 4053 solium
1411 3983 1712 4068 accedit,
1764 3968 2215 4077 salutatoque
2263 3983 2615 4076 archiepi-

672 4115 721 4183 ι)
756 4118 1001 4172 omnibns
1037 4115 1257 4188 quaerelis
1276 4116 1553 4184 abstinemus,
1572 4115 1700 4169 add.
1723 4112 1792 4168 Β
1873 4113 1970 4182 2)ε
1943 4117 2054 4185 eius
1993 4118 2175 4173 uadem
2196 4116 2520 4188 presumit,
2545 4115 2610 4169 B.
