2950 4684
517 252 725 354 [m.
942 282 954 296 ¹
1060 285 1424 335 urea-omn
1479 285 2002 335 xxc-rnnantm-
2351 285 2424 348 c.
2447 282 2561 351 41.

533 475 758 547 detur.
859 470 1039 543 Nam
1088 468 1287 542 clare
1350 465 1592 542 docuit
1647 467 2149 563 experiential,
2204 480 2369 543 tuos
2433 493 2562 545 co·

536 584 792 667 gnatos
824 571 939 643 his
968 570 1153 642 locis
1206 572 1553 661 insignem
1609 568 1907 660 gloriam
1943 592 2195 663 magna
2219 571 2565 645 felicitato

533 682 968 748 consecutos
1022 691 1219 755 esse,
1272 691 1433 763 qnae
1485 668 1795 739 felicitas
1850 692 1890 739 a
1921 669 2205 744 fortuna
2232 695 2556 745 meorum

499 783 997 868 cognatorum
1051 770 1265 843 valde
1319 770 1714 862 discrepat3
1765 789 1901 840 nos
1953 774 2138 841 enim
2183 776 2254 841 in
2283 775 2558 845 eisdem

538 877 722 950 locis
776 894 930 944 eam
984 871 1293 943 fecimus
1342 869 1706 941 hominum
1740 873 2108 962 jactura-m,
2160 883 2236 944 ut
2290 877 2561 968 irrepa-

537 974 785 1048 rabilis
847 977 959 1043 sit.
1070 970 1332 1063 Igitur,
1407 991 1655 1064 quum,
1732 991 1912 1062 rege
1975 967 2289 1044 Haraldo
2356 985 2561 1068 patre

539 1097 703 1148 meo
771 1073 1296 1167 expeditionem
1365 1073 1846 1164 suscipiente,
1928 1072 2243 1163 vulgaris
2311 1078 2566 1146 existi·

539 1179 752 1249 matio
781 1173 1016 1258 fuerit,
1067 1174 1313 1264 copias
1347 1173 1795 1241 Strenuiores
1825 1194 2172 1266 nunquam
2207 1195 2253 1245 e
2274 1174 2564 1248 Norve·

542 1281 658 1371 gia
710 1262 781 1345 in
831 1295 1038 1345 unam
1095 1271 1628 1366 expeditionem
1685 1272 1983 1344 eductas
2023 1272 2294 1346 fuisse:
2346 1299 2562 1369 quum

544 1399 637 1449 eo
689 1385 1012 1467 tempore
1065 1376 1371 1444 omnium
1424 1393 1659 1443 rerum
1687 1384 2066 1466 apparatus
2115 1379 2563 1469 exquisitior,

543 1499 749 1573 quam
802 1496 933 1568 pro
982 1473 1192 1565 hujus
1241 1477 1587 1566 temporis
1638 1469 1994 1559 facultate,
2046 1474 2295 1546 fuerit:
2350 1500 2562 1571 quum
2671 1503 2681 1512 ’

544 1577 872 1661 militnm,
924 1573 1179 1669 quales
1231 1572 1356 1643 ille
1409 1595 1655 1645 secum
1711 1573 1992 1660 habuit,
2045 1574 2185 1647 boc
2238 1586 2565 1670 tempore

546 1676 739 1750 nulla
811 1674 1109 1747 facultas
1176 1676 1303 1745 sit:
1393 1697 1603 1767 quum
1674 1676 1974 1746 accedat
2045 1676 2265 1748 multo
2340 1682 2568 1771 mnjus

545 1783 1048 1872 imperatorum
1102 1775 1517 1861 discrimen,
1596 1778 1794 1867 ejuS,
1860 1778 1975 1869 qui
2030 1785 2171 1848 tum
2228 1788 2382 1849 erat
2433 1800 2565 1850 ex-

549 1880 936 1976 peditionis
989 1879 1351 1971 princeps,
1403 1878 1601 1967 regis
1654 1874 1968 1962 Haraldi,
2021 1887 2095 1948 et
2125 1882 2296 1950 mei:
2349 1901 2568 1973 quum

552 1982 865 2073 denique
914 1999 1058 2048 non
1112 1997 1202 2047 eo
1254 1981 1487 2048 minus
1553 1976 1741 2047 illius
1796 1977 2275 2070 expeditionis
2327 1983 2568 2052 exitus

550 2092 687 2153 tam
741 2080 1071 2152 funestus
1120 2076 1358 2164 fuerit,
1408 2081 1923 2175 perspiciamus
1976 2088 2049 2150 et
2083 2079 2569 2172 intelligamus

551 2189 874 2275 oportet,-
961 2200 1104 2249 non
1156 2200 1370 2263 esse,
1450 2179 1645 2271 quod
1714 2188 2023 2250 nostram
2093 2179 2567 2252 sorttmamin

436 2333 441 2342 .
549 2293 688 2353 tam
739 2299 1006 2373 anceps
1040 2278 1380 2349 dicrimen
1419 2280 1951 2366 committamus„
2004 2292 2083 2351 ut
2127 2294 2356 2373 regno
2410 2281 2565 2352 An·

552 2381 716 2475 gliae
742 2381 812 2450 vi
836 2381 1047 2473 potiri
1076 2398 1435 2448 conemur.
1519 2375 1868 2467 Quoniam
1901 2401 2103 2467 vero,
2129 2403 2263 2452 rex
2298 2381 2565 2468 Kame,

548 2482 685 2555 hac
752 2501 834 2550 re
903 2500 1044 2550 non
1117 2481 1348 2549 minus
1415 2481 1827 2552 necessitati
1904 2497 2085 2552 meae
2156 2482 2570 2568 consulere,

550 2603 759 2679 quam
809 2591 953 2651 tuae
1003 2577 1345 2651 voluntati
1380 2578 1801 2651 satisfacere
1834 2585 2056 2675 cupis,
2111 2582 2231 2654 tibi
2262 2584 2349 2653 ad
2383 2576 2570 2654 hane

555 2682 1087 2778 expeditionem
1154 2682 1531 2773 sexaginta
1602 2683 1935 2773 ingentes
2004 2695 2222 2754 naves
2274 2684 2567 2769 tradam,

505 2779 513 2800 “
559 2803 655 2856 ex
696 2783 951 2855 aulicis
994 2780 1412 2853 cohortibus
1445 2784 1663 2867 meis,
1716 2792 2062 2877 quotquot
2091 2787 2575 2856 strenuissimi

556 2887 755 2969 sint,
792 2882 1139 2967 delectis,
1220 2884 1339 2977 qui
1395 2885 1676 2954 navium
1729 2887 2184 2977 virorumque
2239 2882 2570 2956 delectus

557 3005 698 3057 non
751 2985 1003 3052 minori
1055 2982 1441 3073 diligentia,
1495 3004 1703 3076 quam
1756 2987 1821 3053 si
1864 2987 2025 3077 ipse
2049 2988 2383 3078 princeps
2437 3006 2567 3055 ex-

552 3083 938 3178 peditionis
990 3101 1270 3165 essem,
1336 3084 1757 3152 instituetur.
1884 3083 2016 3154 Cui
2064 3105 2195 3155 rex
2250 3083 2570 3157 Knutus:

554 3175 737 3270 haec,
786 3202 954 3277 quae
1006 3203 1048 3252 a
1100 3192 1175 3252 te
1229 3181 1415 3251 dicta
1466 3191 1539 3252 et
1590 3181 1824 3253 oblata
1854 3195 2041 3271 sunt,
2079 3205 2349 3278 magno
2380 3195 2570 3270 sunt,

555 3293 635 3355 nt
683 3292 962 3377 poterat
1012 3284 1454 3375 exspectari,
1542 3285 1852 3377 principe
1908 3285 2137 3376 digna.
2262 3285 2570 3378 Accipio

556 3385 1057 3470 conditionem,
1112 3391 1441 3454 eventum
1477 3387 1581 3453 rei
1611 3382 1778 3455 Deo
1806 3388 2235 3478 permittens.
2336 3384 2569 3457 Multa

553 3487 740 3555 inter
789 3504 879 3554 se
931 3485 1025 3554 de
1077 3482 1355 3578 publica
1406 3504 1791 3580 regnorum
1845 3485 2092 3557 Daniae
2142 3485 2569 3579 Norvegiae·

557 3603 697 3681 que
748 3586 1022 3655 ratione
1088 3583 1576 3671 disserebant,
1658 3586 2283 3679 ‹le-omnibusque
2352 3586 2573 3658 rebus

557 3683 983 3756 amicissime
1033 3685 1591 3757 consentiebant.
1724 3686 2116 3758 Decretum
2169 3689 2384 3778 igitur
2436 3697 2574 3771 est,

557 3794 636 3857 ut
683 3805 815 3855 rex
869 3782 1155 3857 Knutus
1210 3787 1738 3879 expeditionem
1793 3785 2121 3858 bellicam
2155 3789 2222 3858 in
2245 3785 2572 3878 Angliam

618 3898 675 4007 ιι)
713 3936 888 4013 raim]
928 3940 1245 4015 conjectat-ag
1306 3957 1511 4003 ratane,
1563 3940 1638 3999 B,
1700 3942 1843 4013 quod
1889 3940 2215 4013 transpositis
2261 3939 2422 3992 literis
2474 3960 2574 4011 pro

557 4045 733 4082 rotun
769 4031 854 4099 (nt
889 4034 1080 4088 habent
1118 4032 1172 4091 S,
1220 4029 1295 4102 V)
1334 4053 1444 4087 ene
1481 4032 1700 4086 videtur.
1794 4021 1932 4088 'Tum
1982 4049 2148 4089 verto:
2204 4032 2338 4087 Nam
2388 4030 2577 4105 ingene

559 4122 954 4193 magnificentia
992 4123 1363 4179 documentum
1400 4140 1492 4177 ent.
