2950 4684
337 331 543 398 e..37;
857 336 955 384 un
996 336 1317 386 nunna
1357 335 1836 388 remanemus.
1975 373 1980 382 ,
2230 308 2350 400 ,1

334 524 577 614 ipsum.
599 522 669 592 iu
704 539 793 590 ea
824 527 1015 590 terra
1050 517 1562 590 occubiturum.
1661 516 1806 589 Hic
1825 537 1963 588 rex
1978 514 2347 594 Sveinio„

333 630 543 694 entus
581 628 733 691 cstt
787 628 1021 692 macte
1040 621 1321 705 virtute,
1373 621 1615 713 inquit,
1664 616 2189 711 enpraeclurum
2222 642 2347 694 vo·-

332 731 503 806 tum,
531 724 594 792 si
629 719 789 792 hoeo
821 721 1270 813 praestiteris3
1302 723 1436 790 ista
1456 722 1737 792 minime
1772 728 1940 790 sunt
1972 722 2105 791 viri
2139 741 2350 812 parva

331 821 724 907 molientis3
777 837 892 892 ter
946 841 1087 912 ego
1139 829 1211 890 te
1265 820 1546 892 beatum
1602 820 1954 912 praedico,
2021 824 2141 913 qui
2192 820 2350 896 haeo

330 922 617 994 loeutus
663 923 807 1008 sis3
873 941 1048 1013 age,
1102 941 1262 1013 quae
1306 924 1450 1013 jem
1506 922 1990 1013 pronuntiasti,
2055 930 2348 994 strenue

332 1032 409 1093 et
455 1021 757 1093 viriliter
810 1023 1257 1112 exsequere!
1309 1021 1523 1092 Nunc
1578 1041 1720 1113 ego
1775 1041 1887 1090 me
1940 1022 2030 1091 ad
2073 1030 2348 1093 tecen-

329 1131 568 1208 uerto,
612 1120 934 1196 Thorkel
984 1119 1336 1209 Procere,
1390 1125 1613 1216 inquit
1663 1142 1820 1205 rex,
1876 1120 1967 1192 de
2021 1130 2193 1193 voto
2245 1122 2348 1195 fa-

330 1224 614 1309 ciendo,
685 1224 877 1317 quod
933 1244 1186 1316 magno
1239 1226 1405 1295 viro
1464 1233 1541 1294 ut
1592 1223 2035 1292 conveniens
2086 1225 2182 1294 sit
2244 1227 2374 1304 inf·

331 1326 574 1417 primis
600 1324 1062 1417 spectandum
1108 1333 1238 1396 est.
1342 1322 1474 1394 Cui
1503 1321 1860 1396 Thorkel:
1920 1326 2349 1414 excogitavi,

328 1428 444 1498 eui
491 1447 603 1496 me
637 1433 805 1496 voto
851 1423 1312 1516 obstringam,
1368 1425 1672 1496 domine.
1773 1421 2057 1509 Voveo,
2108 1426 2348 1518 inquit,

329 1546 442 1595 me
494 1524 693 1595 fratri
746 1522 1120 1616 Sigvaldio
1174 1527 1506 1598 comitem
1572 1522 2046 1609 adhaesurum,
2109 1546 2346 1620 neque

333 1629 530 1717 prius
581 1626 992 1717 fugiturum,
1045 1648 1251 1717 quam
1306 1630 1591 1719 puppim
1639 1627 1840 1695 navis
1878 1628 2036 1716 ejus
2072 1626 2348 1698 videam

329 1727 562 1818 (quam
616 1728 844 1818 ipsum
903 1723 1153 1817 proelio
1208 1727 1576 1798 excedere
1629 1726 1973 1818 videnum
2027 1729 2138 1796 sin
2168 1747 2348 1800 vero

326 1825 648 1919 proelinm
701 1828 771 1894 in
824 1835 1014 1896 terra
1067 1829 1478 1913 committet,
1531 1845 1643 1898 me
1696 1848 1933 1900 voveo
1978 1839 2120 1897 uon
2159 1826 2346 1919 fugi-

325 1936 581 2013 turum,
634 1927 867 2022 quoad
919 1924 1043 1997 ille
1097 1930 1170 1996 in
1222 1929 1377 1998 acie
1429 1926 1855 2012 versabitur,
1921 1930 2348 2019 signumque

329 2029 488 2118 eius
518 2037 681 2098 ante
713 2048 826 2098 me
862 2027 1111 2099 videre
1145 2037 1420 2120 potero.
1489 2027 1655 2098 Rex
1692 2025 1950 2097 Svein:
2005 2025 2217 2096 laudo
2249 2038 2347 2113 te,

325 2131 569 2221 inquit,
623 2137 721 2213 tu,
773 2150 907 2221 qua
962 2148 1047 2199 es
1098 2132 1383 2213 virtute,
1437 2128 1578 2201 hoc
1625 2137 1866 2198 votum
1897 2136 2099 2198 certo
2132 2147 2348 2199 exse-

327 2231 590 2321 queris,
692 2226 853 2300 Jam
904 2238 1051 2300 tuae
1102 2238 1269 2301 sunt
1321 2240 1603 2322 partes,
1674 2225 1810 2299 Bui
1866 2226 2171 2314 Crasse,
2242 2231 2346 2300 in-

327 2332 478 2421 quit
528 2351 695 2414 reX,
767 2349 977 2422 quem
1032 2339 1291 2403 votum.
1327 2353 1582 2422 magno
1656 2333 1815 2401 viro
1885 2329 2174 2420 dignum
2244 2330 2348 2401 fa-

328 2439 601 2502 cturum
656 2449 869 2515 esse,
920 2452 1341 2522 persvasum
1398 2432 1608 2503 nohis
1661 2441 1795 2503 est.
1897 2428 2166 2502 Buius:
2223 2453 2348 2503 ve·-

329 2553 494 2617 veo,
545 2533 790 2624 inquit,
845 2551 981 2616 me,
1035 2532 1364 2625 quamdiu
1421 2536 1646 2614 virtus
1703 2532 2030 2624 fidesque
2081 2553 2348 2625 suppe-

328 2642 461 2717 tat,
529 2634 857 2702 comitem
928 2630 1137 2724 hujus
1202 2635 1684 2725 expeditionis
1737 2631 2110 2724 Sigvaldio
2165 2633 2348 2718 sore,

332 2754 565 2826 neque
617 2741 779 2803 ante
846 2732 1275 2824 fugiturum,
1345 2757 1548 2827 quam
1616 2735 1999 2826 pauciores
2069 2736 2139 2802 in
2190 2735 2348 2802 acie

329 2842 552 2919 stent,
625 2855 827 2926 quam
883 2837 1001 2925 qui
1056 2834 1561 2920 occubuerint,
1634 2842 1708 2906 et
1772 2844 2042 2917 tamen,
2113 2832 2348 2925 quoad

331 2933 640 3006 volueri-t
665 2932 1109 3026 SigvaldiuS,
1159 2939 1649 3007 constiturum.
1752 2932 2035 3003 Cecidit
2071 2953 2219 3018 res,
2271 2944 2350 3004 ut

329 3044 841 3127 exspectaram,
893 3037 1115 3127 inquit
1164 3055 1333 3120 reti,
1389 3047 1629 3110 votum
1685 3034 1913 3105 heroe
1968 3035 2251 3127 dignum
2304 3056 2346 3104 a

331 3144 401 3204 te
456 3146 920 3229 nuncupatum
976 3134 1169 3224 sore3
1214 3141 1354 3229 jam
1409 3160 1594 3209 vero
1643 3136 1787 3223 tibi,
1841 3134 2157 3227 Sigurde
2200 3134 2346 3207 Ka·-

333 3258 452 3327 pa,
520 3238 1058 3330 nuncupandum
1131 3250 1247 3309 est
1308 3252 1544 3309 votum
1599 3237 1888 3332 aliquod
1958 3237 2044 3307 ad
2102 3257 2348 3308 exem-

328 3335 518 3428 plum
572 3336 736 3408 Buii
786 3338 1024 3409 fratris
1092 3342 1213 3409 tui.
1326 3337 1725 3432 Sigurdus:
1808 3357 2039 3408 meum
2107 3345 2348 3406 votum

330 3436 514 3509 haud
571 3451 1004 3524 cunctanter,
1075 3440 1384 3526 domiue,
1450 3440 1839 3534 proferam3
1902 3456 2180 3522 voveo,
2235 3459 2348 3508 me

328 3535 589 3611 Buium
650 3540 939 3611 fratrem
1008 3541 1535 3628 comitaturum,
1605 3561 1877 3635 neque,
1945 3540 2009 3609 si
2064 3537 2349 3610 dederit
2435 3581 2444 3585 -

329 3638 650 3727 fortuna,
729 3651 893 3712 ante
954 3639 1380 3731 fugiturum,
1468 3664 1672 3734 quam
1745 3640 2165 3711 interfectus
2234 3643 2348 3710 sit.-

327 3738 489 3810 Hoc
539 3761 716 3812 sane
771 3742 1185 3835 exspectari
1236 3762 1278 3809 a
1328 3750 1401 3809 te
1454 3752 1757 3833 poterut,
1806 3743 2030 3834 inquit
2065 3760 2220 3823 rex,
2272 3747 2351 3810 te.

331 3840 574 3913 fratris
625 3842 1026 3936 exemplum
1073 3862 1245 3914 esse
1286 3850 1719 3914 secuturum.
1820 3840 1981 3912 Jam
2015 3849 2154 3910 tuae
2184 3848 2348 3910 sunt

331 3951 610 4035 parteS,
677 3942 886 4036 Vagn
941 3943 1103 4016 Akii
1157 3942 1278 4029 fili,
1347 3944 1570 4035 inquit
1620 3965 1776 4029 rex,
1843 3952 1918 4012 et
1961 3938 2348 4010 vehemen-

332 4053 446 4113 ter
492 4046 687 4114 scire
741 4066 1059 4130 avemus,
1113 4044 1321 4138 quale
1374 4042 1694 4115 facturus
1746 4050 1984 4112 votum
2035 4041 2175 4127 sis;
2237 4043 2348 4112 -tui

333 4147 517 4214 enim
572 4150 887 4239 majores
948 4145 1361 4218 fortitudine
1434 4153 1507 4214 et
1574 4141 2052 4215 contendendi
2104 4142 2345 4216 studio
