2950 4684
326 334 405 397 c,
432 329 655 397 46-47.
803 315 807 319 ’
854 333 952 381 nn
996 333 1307 382 mna-ns
1352 332 1829 382 sonnnsnms.
2171 301 2339 392 187

326 515 805 602 vescendum3
874 515 1130 586 eodem
1198 518 1378 585 enim
1447 515 1605 601 die,
1674 536 1810 609 qua
1871 511 2047 587 hora
2108 518 2336 589 visum

328 625 537 687 esset
586 616 1272 700 commodissimum,
1325 612 1462 685 hos
1516 636 1768 685 omnes
1820 613 2182 702 homines,
2234 619 2337 709 pi-

325 725 521 786 ratas
580 714 1012 800 JomenseS‚
1088 714 1369 807 quihus,
1402 718 1546 807 jam
1615 736 1860 786 manus
1922 718 2338 808 injecerant,

330 817 638 907 dynasta
687 824 1071 907 percutere
1119 818 1363 885 securi
1391 818 1743 907 cogitavit.
1844 814 1941 885 Et
1966 827 2337 910 antequam

329 914 927 1000 discumbet-etur,
977 935 1202 986 naves
1253 924 1330 984 et
1378 915 1562 986 bona
1615 919 1993 1008 piratarum
2043 915 2339 986 Jomen·

329 1018 512 1086 sium
566 1016 654 1086 ad
709 1024 968 1085 terram
1022 1016 1431 1107 deportata,
1485 1015 1668 1086 bona
1723 1015 1944 1086 hastae
1995 1015 2341 1109 subjecta,

233 1164 255 1171 -
331 1134 567 1207 eaque
618 1118 846 1185 omnia
899 1137 1197 1186 unacum
1248 1119 1462 1186 armis
1494 1137 1739 1186 eorum
1768 1118 1952 1186 inter
1971 1115 2339 1187 Hakonem

330 1215 700 1305 dynastam
757 1214 1162 1308 militesque
1213 1237 1390 1287 suos
1444 1217 1691 1288 divisa.
1791 1215 1883 1285 Hi
1931 1238 2032 1309 ‘se
2085 1219 2343 1287 eximia

331 1316 590 1406 quovis
639 1324 980 1406 respectu
1029 1316 1324 1386 victoria
1374 1319 1638 1408 potitos
1667 1319 2098 1403 existimare,
2149 1317 2342 1410 quod

333 1418 563 1502 omnia
615 1411 926 1484 hostium
964 1414 1149 1485 hona
1202 1419 1592 1508 cepissent,
1645 1419 1907 1510 piratas
1954 1415 2345 1488 Jomenses

332 1516 582 1606 partim
680 1513 1431 1606 comprehendissent,
1522 1520 1771 1608 partim
1871 1515 2343 1608 expulissent,

331 1618 698 1683 maximam
752 1635 997 1685 eorum
1048 1625 1321 1707 partem
1350 1614 1816 1687 sustulissent
1830 1641 1850 1705 3
1901 1636 2131 1708 seque
2183 1616 2340 1708 glo-

332 1712 655 1785 riabundi
724 1733 1162 1806 magnopere
1220 1714 1593 1807 jactabant.
1721 1716 1821 1788 Ut
1880 1715 2142 1787 milites
2211 1716 2342 1808 dy-

331 1823 557 1890 nastae
608 1812 843 1885 cibum
892 1827 1327 1900 sumserant,
1379 1836 1475 1884 ex
1526 1815 2006 1887 tabernaculis
2057 1819 2345 1908 egressi

336 1933 431 1982 eo
491 1934 579 1983 se
645 1912 1145 1999 conserebant,
1231 1936 1376 2007 quo
1438 1914 1605 1986 loco
1675 1919 1889 1987 vincti
1952 1925 2184 2001 erant3
2271 1924 2346 1985 et

335 2013 611 2099 dicunt,
682 2012 1031 2085 Thorkeli
1080 2011 1320 2085 Leirae
1385 2016 1459 2084 id
1524 2019 1792 2106 negotii
1860 2036 2031 2086 esse
2087 2015 2347 2099 datum,

335 2122 411 2184 ut
479 2133 613 2184 eos
677 2135 930 2185 omnes
991 2118 1234 2184 securi
1307 2123 1738 2207 percuteret.
1854 2113 2099 2185 Primo
2152 2135 2344 2184 com-

334 2210 605 2304 pellant
653 2216 913 2306 piratas
958 2214 1392 2300 Jomenses,
1454 2236 1540 2285 ac
1595 2224 1957 2308 quaerunt,
2019 2236 2146 2300 an,
2208 2235 2345 2307 qua

336 2313 918 2403 praedicarentur,
969 2314 1378 2386 fortitudine
1432 2327 1703 2388 essent
1805 2314 2071 2387 Piratae
2110 2327 2347 2388 autem

333 2410 731 2484 Jomenses
782 2415 872 2484 ad
923 2413 1082 2486 haec
1135 2413 1304 2487 nihil
1349 2416 1906 2509 respondebant,
1959 2416 2150 2512 quod
2193 2419 2346 2511 qui-

339 2510 502 2582 dem
556 2512 696 2583 hoe
746 2511 911 2585 loco
963 2525 1423 2587 memoratum
1473 2520 1586 2587 sit.
2021 2581 2026 2585 .

538 2611 660 2683 47.
761 2612 921 2685 Jam
974 2617 1427 2687 memoranda
1482 2616 1814 2701 veniunt,
1878 2639 2037 2709 quae
2087 2636 2347 2687 secun-

339 2710 514 2807 dum·
559 2712 719 2783 haee
771 2717 1094 2805 proxime
1123 2716 1555 2786 acciderunt.
1643 2714 2138 2786 Exsolvuntur
2177 2715 2349 2786 fune

338 2811 611 2906 aliquot
675 2815 849 2898 viri,
916 2818 1234 2906 graviter
1299 2817 1628 2899 sauciati,
1712 2835 1896 2907 quos
1963 2812 2346 2906 Skoptiusl

336 2910 629 2983 Karkus
679 2915 1051 3006 ceterique
1102 2917 1301 2985 servi
1343 2913 1900 2999 custodiverant,
1953 2913 2189 2985 funem
2242 2923 2350 2985 te-

336 3021 616 3082 nentes.
717 3011 816 3083 Ut
867 3010 1192 3085 homines
1244 3023 1446 3093 erant
1497 3011 1782 3087 vinculo
1836 3012 2148 3102 liberati,
2212 3014 2354 3087 hoe
2381 3107 2396 3112 —

339 3114 579 3181 servis
647 3133 841 3183 curae
905 3124 1091 3201 erat,
1161 3125 1237 3186 ut
1296 3118 1534 3207 virgas
1600 3114 1914 3187 crinibus
1976 3119 2352 3209 piratarum

338 3209 791 3283 Jomensium
839 3214 1297 3307 implicarent.
1400 3216 1565 3307 Qua
1614 3236 1698 3286 re
1744 3226 2136 3308 praeparata
2186 3238 2350 3309 pro·

340 3309 694 3382 ducuntus
719 3311 916 3385 tres²
967 3318 1227 3404 saucii3
1280 3317 1368 3387 ad
1406 3338 1588 3410 quos
1617 3316 1977 3398 accedens
2005 3313 2352 3400 Thorkel‚

341 3414 570 3502 capita
598 3413 903 3504 singulis
927 3417 1279 3508 praecidit3
1332 3438 1472 3509 quo
1504 3415 1694 3486 facto
1721 3417 1967 3486 socios
1997 3413 2355 3486 allocutus

336 3512 611 3603 quaerit,
664 3533 753 3582 an
806 3516 951 3585 isto
980 3515 1288 3606 fungens
1319 3519 1637 3607 negotio,
1689 3523 2017 3608 quantum
2054 3526 2357 3608 possent

336 3609 934 3700 animadvertere,
962 3613 1226 3686 vultum
1252 3623 1789 3685 commutasset:
1822 3617 2079 3687 etenim
2106 3614 2355 3707 vulga-

337 3711 442 3780 ris
457 3731 703 3781 sermo
721 3723 858 3799 est,
876 3717 1120 3808 inquit,
1147 3735 1396 3785 omnes
1413 3712 1766 3801 homineS,
1783 3718 2183 3809 quicunque
2205 3725 2355 3785 tres

336 3807 691 3896 homines,
721 3834 933 3885 unum
957 3835 1051 3886 ex
1074 3813 1595 3899 altero,‚securi
1613 3818 2125 3906 percusserint,
2155 3812 2357 3886 vultu

337 3912 716 4004 animoque
770 3916 1200 3985 commutari.
1316 3913 1447 3984 Cui
1498 3912 1752 3985 Hakon
1806 3914 2141 4006 dynasta:
2213 3934 2356 3983 non

285 4051 292 4060 ·
339 4012 626 4102 quidem
680 4015 1335 4101 animadvertimus,
1387 4024 1460 4084 te
1514 4014 1983 4107 exsequendo
2035 4012 2176 4084 hoc
2228 4034 2351 4083 ne-

411 4143 458 4210 ¹)
496 4160 576 4206 ct,
614 4145 742 4198 add.
790 4146 850 4199 F.
960 4146 1008 4213 ²)
1047 4147 1175 4201 add.
1218 4146 1282 4213 Β,
1330 4145 1389 4211 F,
1431 4147 1514 4209 Β,-
1554 4145 1723 4201 omitt.
1764 4147 1823 4199 A.
