2950 4684
587 288 769 380 m
1070 309 1169 358 nn
1221 305 1529 356 naxon
1582 303 1877 353 annun
1930 300 2159 351 ntro.
2366 298 2442 359 c,
2468 294 2623 360 3-4.

593 499 811 575 barba
861 495 1071 569 fidem
1125 513 1473 588 nunquam
1536 487 1829 561 habeas.
1940 483 2205 578 Vigl'ns
2265 504 2398 578 pro
2464 481 2617 554 hoe

598 599 943 684 consilio,
995 595 1216 668 veluti
1283 592 1871 688 praestantissimo
1923 606 2260 672 munere,
2341 583 2617 676 gratias

598 704 762 796 egit.
891 697 1152 769 Altero
1215 715 1398 765 enno
1468 713 1691 785 opera
1745 711 1837 760 ex
1890 709 2069 759 auro
2121 705 2391 778 resque
2444 703 2615 776 pre-

589 807 825 877 ,tiosas
876 807 1011 868 tam
1067 816 1232 866 raro
1282 791 1604 878 artificio,
1666 800 1740 861 nt
1790 787 2117 861 omnibus
2169 785 2615 857 admirationi

603 909 876 984 essent,
929 899 1087 993 regi
1138 893 1488 966 fabricare
1541 886 2013 983 adgrediturl.
2132 884 2303 976 Quo
2355 883 2619 982 elapso

602 1022 787 1076 anno
853 997 1114 1090 Vigfus
1173 1016 1259 1066 ec
1309 1014 1442 1064 rex
1509 992 1808 1077 eodem,
1887 1010 2032 1085 quo
2096 996 2258 1058 aute
2329 984 2623 1067 dictum,

603 1101 818 1174 modo
901 1095 1333 1187 colloquium
1415 1093 1827 1175 instituunt,
1942 1109 2123 1180 rege
2201 1084 2617 1159 mercedem

605 1202 997 1280 offerente,
1116 1191 1427 1283 Vigsuse
1515 1187 1829 1260 salutare
1909 1187 2279 1260 consilium
2360 1189 2620 1258 iterum

607 1306 913 1394 optante.
1015 1292 1396 1386 Quumque
1443 1312 1593 1361 rem
1644 1290 1907 1361 diutius
1946 1292 2132 1358 inter
2181 1307 2268 1357 se
2319 1294 2623 1356 tractas·

607 1409 794 1484 sent,
844 1395 1125 1469 tandem
1179 1396 1414 1464 vietus
1465 1412 1598 1461 rex
1631 1393 1722 1460 ita
1753 1388 2096 1483 loquitur:
2163 1396 2625 1481 quotcunque
2736 1404 2749 1413 ·

608 1511 684 1572 te
734 1499 1182 1589 negotiorum
1238 1491 1605 1563 multitudo
1638 1499 2055 1582 occupatum
2102 1495 2362 1571 teneat,
2414 1506 2622 1569 cave,

615 1621 740 1684 ne,
786 1600 967 1667 intra
1020 1595 1246 1665 aedem
1300 1612 1574 1662 sacram
1627 1592 2086 1674 constitutuS‚
2139 1590 2274 1658 uisi
2329 1594 2623 1680 peracta

612 1720 694 1770 re
750 1697 986 1767 divina
1039 1691 1373 1764 excedas.
1474 1689 1757 1781 Vigfus,
1809 1691 2054 1782 gratiis
2110 1709 2237 1782 pro
2289 1686 2430 1757 hoe
2496 1707 2621 1757 sa·

613 1797 824 1870 lutari
879 1793 1182 1869 consilio
1235 1796 1437 1876 actiS,
1484 1792 1808 1883 proximo
1858 1810 2042 1860 anno
2095 1809 2277 1883 opus
2314 1804 2624 1858 caemen-

614 1901 836 1970 titium
887 1894 1283 1967 faciendum
1335 1893 1653 1984 suscipit,
1707 1893 2009 1984 regique
2059 1888 2425 1960 Danorum
2478 1896 2623 1958 tam

615 1997 1067 2092 splendidum
1121 1992 1450 2088 palatium
1506 1990 1839 2076 aedificat,
1891 1999 1968 2061 ut
2019 1988 2207 2060 aliud
2266 1991 2412 2082 pari
2465 1985 2623 2080 pul-

617 2099 970 2171 critudine
1028 2115 1112 2165 ea
1165 2097 1234 2165 in
1287 2103 1475 2164 terra
1530 2104 1985 2184 conspectum
2017 2111 2365 2183 nunquam
2390 2087 2626 2159 fuerit.

818 2196 888 2268 4.
992 2193 1156 2285 Quo
1241 2190 1590 2264 aedificato
1658 2189 1912 2284 palatio
1994 2211 2128 2260 rex
2209 2211 2299 2262 ac
2362 2186 2633 2282 Vigfus

621 2302 800 2369 vere
852 2296 1177 2387 proxime
1245 2293 1650 2383 insequenti
1719 2293 2186 2376 conveniunt,
2253 2310 2396 2384 quo
2445 2298 2625 2359 tem-

619 2415 800 2490 pore
853 2393 1180 2464 homines
1230 2412 1317 2461 se
1357 2391 1445 2460 ad
1479 2393 1730 2462 itinera
1763 2394 2180 2463 mercatoria
2211 2409 2629 2482 comparare

620 2500 1064 2588 inceperunt.
1163 2490 1365 2578 Rex,
1432 2493 1611 2561 actis
1664 2494 1873 2562 etiam
1945 2512 2127 2563 nune
2178 2511 2310 2584 pro
2377 2488 2629 2561 labore

622 2597 904 2686 gratiis,
957 2593 1240 2687 quaerit,
1290 2612 1610 2685 quaenam
1661 2595 2136 2663 remuneratio
2186 2591 2417 2661 auimo
2468 2593 2635 2682 ejus

620 2697 923 2766 maxime
975 2692 1301 2764 arrideat.
1405 2689 1539 2762 Cui
1590 2690 1887 2784 Vigsus:
1938 2690 2272 2763 saluteris
2325 2689 2630 2777 consilii,

624 2817 671 2866 o
722 2815 883 2880 rex,
934 2794 1174 2888 inquit.
1274 2791 1405 2862 Hie
1432 2810 1564 2861 rex
1588 2789 1846 2862 Svein:
1899 2793 2013 2885 qui
2068 2810 2252 2862 unus
2293 2790 2629 2884 idemque

624 2893 838 2966 homo
889 2898 984 2964 ite
1034 2901 1483 2984 comparatus
1514 2911 1683 2964 esse
1715 2900 1985 2983 potest‚·
2027 2900 2102 2961 ut
2130 2910 2262 2961 unu
2296 2910 2388 2959 ex
2425 2900 2633 2983 parte

624 3013 901 3084 magnae
950 2991 1344 3083 prudentiae
1398 3001 1472 3062 et
1522 2989 1954 3062 excellentis
2007 2993 2271 3082 ingenii
2332 2992 2464 3075 sit,
2524 3010 2630 3060 ex

625 3089 849 3161 altera
906 3099 1100 3181 parte
1152 3092 1263 3160 sni
1319 3098 1455 3160 tam
1508 3088 1923 3183 negligens,
1992 3098 2068 3161 ut
2131 3092 2200 3159 in
2262 3099 2629 3161 contume-

627 3187 789 3260 liam
849 3186 1138 3259 trahere
1199 3184 1409 3257 fa'cile
1461 3191 1893 3280 possemus?
1995 3188 2276 3260 Interim
2332 3210 2457 3260 res
2507 3198 2631 3261 tuo

627 3288 965 3360 arbitratu
1028 3284 1169 3355 fiet.
1270 3284 1429 3356 Hoc
1498 3286 1620 3356 tihi
1690 3287 1967 3359 consilii
2036 3290 2320 3375 damus,
2387 3292 2451 3359 si
2512 3292 2632 3361 cui

547 3420 554 3429 ·
625 3397 1001 3480 tantopere
1051 3387 1408 3471 irascaris,
1460 3398 1540 3457 ut
1571 3390 1728 3480 ejus
1757 3386 2221 3460 interficiendi
2250 3389 2635 3482 cupiditate

626 3488 918 3578 flagres,
971 3487 1067 3556 uti
1095 3484 1331 3555 Deum
1386 3488 1453 3558 in
1505 3491 1842 3559 memoria
1872 3486 2162 3574 habeas,
2213 3508 2634 3582 sacramque

626 3587 1138 3681 precationem,
1186 3583 1445 3680 “Pater
1493 3586 1805 3675 noster'’‚
1857 3591 1927 3658 in
1978 3590 2261 3658 nomine
2310 3587 2455 3658 Dei
2488 3586 2599 3658 Pa

629 3687 763 3755 tris
811 3687 1101 3756 recites,
1203 3685 1418 3776 Quod
1471 3689 1537 3756 si
1602 3708 1745 3758 non
1815 3708 1907 3758 eo
1958 3688 2185 3779 magis
2235 3690 2338 3758 ira
2388 3687 2634 3758 defer-

631 3793 919 3871 vescat,
983 3787 1238 3856 iterum
1304 3783 1567 3879 “Pater
1630 3786 1952 3859 noster’'⁴
1996 3790 2066 3856 in
2138 3790 2420 3859 nomine
2485 3786 2635 3858 Dei

630 3880 790 3954 Filii
853 3887 1167 3956 recitato.
1282 3884 1379 3955 Et
1442 3888 1506 3955 si
1573 3906 1665 3955 ne
1730 3889 1838 3956 sic
1904 3886 2185 3979 quidem
2251 3889 2635 3972 remiserit,

705 4020 752 4088 ¹)
791 4021 909 4072 loco
945 4037 1144 4087 eorum,
1183 4036 1301 4087 quoe
1336 4020 1503 4089 cigno
1542 4021 1566 4089 [
1599 4022 1816 4073 inclusa
1853 4029 2009 4089 sunt,
2066 4026 2146 4076 Sa
2182 4018 2373 4079 hebet:
2414 4044 2473 4077 ea
2508 4045 2636 4079 vero

632 4113 854 4167 sollertia
890 4115 1130 4186 gaudeas,
1170 4131 1285 4184 que
1320 4113 1558 4189 omnium
1597 4114 1651 4168 ἰιι
1688 4135 1743 4169 sc
1777 4116 2167 4172 admirationem
2202 4129 2480 4171 convertant.
