2950 4684
795 407 1331 454 ennoxoimem
1387 408 1585 454 ms‘r.
1640 410 1753 457 or..
1809 411 1926 456 τιι.
2181 382 2354 471 417

513 591 678 652 ducit
719 588 800 670 11,
846 590 988 653 144.
1075 589 1304 652 Finnus
1348 590 1586 653 Sveinis
1631 591 2154 670 iiliusreiigionem
2187 594 2346 657 chri-

511 696 767 757 stianam
809 696 1188 775 amplectitur
1226 695 1306 776 11,
1352 695 1617 773 153-64,
1661 697 1765 759 cfr.
1812 698 1954 760 160.

340 799 485 861 999.
574 798 736 861 Vere
778 798 1059 861 Harekus
1106 800 1182 861 de
1221 800 1460 879 Thjotta
1489 801 1849 864 Nidarosum
1873 804 1946 864 ad
1970 823 2175 882 regem
2206 824 2349 884 per-

508 905 726 966 ductus
766 903 846 982 11,
880 904 1022 966 164.
1067 905 1440 986 Supplicium
1481 908 1739 988 Eyvindi
1782 909 2086 970 Kinnrivae
2116 908 2196 987 11,
2228 910 2350 971 166

508 1026 601 1089 sq.
627 1009 1017 1088 'Sigmundus
1058 1012 1117 1071 in
1150 1010 1513 1090 Norvegiam
1557 1011 1771 1090 trajicit
1790 1019 1850 1075 et
1872 1019 2078 1075 aestate
2098 1016 2157 1075 in
2181 1014 2347 1076 Faer-

507 1131 654 1193 eyas
694 1115 849 1175 redit
889 1112 968 1193 11,
1015 1114 1275 1177 168-71.
1330 1117 1464 1177 Rex
1505 1117 1562 1176 in
1593 1116 1908 1196 Halogiam
1955 1118 2352 1197 proficiscitur

509 1218 591 1295 11,
636 1219 778 1280 174.
1042 1204 1048 1229 ¹
1147 1272 1154 1279 .
1662 1202 1666 1207 ’

381 1359 461 1368 -
545 1323 781 1385 AEstate
822 1326 984 1402 regis
1025 1325 1084 1385 in
1130 1323 1383 1403 Halogia
1424 1330 1615 1402 gesta,
1645 1326 2007 1404 supplicium
2034 1327 2192 1387 Rodi
2225 1326 2347 1402 Ya-

506 1428 684 1490 ientis
729 1435 844 1491 etc.
910 1427 989 1507 Π,
1051 1427 1312 1491 175-88.
1415 1428 1674 1507 Hjaltius
1732 1428 1979 1507 Skeggii
2033 1435 2095 1491 et
2139 1430 2353 1493 Gissur

502 1516 692 1594 Albus
728 1554 803 1597 ex
847 1535 1105 1596 lslandia
1145 1534 1397 1594 veniunt
1443 1538 1506 1594 et
1547 1534 1820 1597 Nidarosi
1862 1537 2127 1596 hiemem
2166 1542 2352 1613 agunt

507 1636 586 1716 11,
625 1639 771 1701 211.
856 1639 1330 1717 Thangbrandus
1376 1657 1451 1698 ex
1495 1639 1752 1701 lslandia
1799 1642 2042 1703 advenit
2077 1639 2157 1718 11,
2200 1641 2345 1703 206.

377 1777 459 1787 --
542 1745 854 1829 Autumno
898 1763 1006 1805 rex
1048 1745 1107 1804 in
1152 1743 1666 1805 Thrandheimnm
1710 1751 1939 1807 remeat
1983 1751 2043 1807 et
2072 1745 2347 1809 Nidarosi

501 1848 769 1911 hiemem
811 1851 936 1928 agit
989 1848 1082 1926 11,
1127 1849 1270 1912 189.
1358 1848 1700 1910 Hailsredus
1745 1869 1781 1911 e
1826 1849 2041 1911 Gothia
2087 1852 2145 1910 in
2188 1851 2348 1913 Nor-

497 1956 734 2031 vegiam
781 1956 998 2031 migrat
1056 1958 1117 2014 et
1160 1952 1318 2031 apud
1376 1972 1587 2030 regem
1630 1953 1907 2014 Nidarosi
1961 1973 2345 2016 commorans

502 2076 744 2118 carmen
791 2058 866 2118 de
910 2057 1349 2117 resurrectione
1395 2058 1709 2135 componit
1750 2055 1831 2134 11,
1875 2058 2020 2120 213.
2378 2118 2383 2121 .

376 2195 459 2205 —
541 2164 853 2225 Autumno
897 2161 1123 2223 Leivus
1162 2160 1385 2237 Eiriki‚
1454 2161 1539 2221 14
1580 2165 1723 2239 post
1773 2160 2094 2223 habitatam
2140 2162 2340 2225 Gron-

500 2266 758 2329 landiam
802 2269 997 2346 anniS‚
1039 2269 1099 2328 in
1145 2266 1447 2344 Norvegia
1489 2256 1826 2344 baptizatur
1856 2264 1936 2343 11,
1978 2267 2123 2328 215.

370 2406 457 2419 -
536 2371 774 2434 AEstate
813 2373 1010 2435 caedes
1068 2371 1338 2434 Gudrodi
1394 2370 1713 2433 Gunnildae
1752 2371 1854 2432 iiiii
1898 2370 1977 2451 11,
2021 2372 2178 2433 216:
2233 2393 2344 2435 na-

477 2464 594 2539 tus
629 2478 947 2557 HaralduS‚
991 2476 1162 2540 Olavi
1208 2481 1271 2538 et
1311 2475 1547 2556 Thyfiae
1591 2475 1770 2554 filius,
1810 2479 1912 2555 qui
1954 2495 2180 2538 annum
2223 2498 2343 2540 non

498 2584 666 2660 vixit,
706 2580 790 2661 11,
827 2583 974 2644 219.

381 2718 452 2734 -·
540 2688 767 2749 Hieme
806 2685 1128 2747 fabricatus
1160 2684 1426 2762 Serpens
1466 2683 1688 2761 longus
1730 2683 1811 2761 11,
1866 2685 2010 2769 217.
2091 2686 2344 2765 Legatio

496 2791 829 2872 Rognvaidi
886 2791 963 2853 de
1018 2790 1280 2870 petenda
1334 2787 1670 2869 Ingibjarga
1742 2788 2024 2868 Tryggvii
2082 2791 2198 2852 mia
2260 2791 2342 2869 11,

495 2896 805 2962 200-201.

331 3002 517 3065 1000.
602 3002 735 3062 Rex
788 2999 1017 3062 Oiavus
1073 2998 1389 3061 Gissurem
1442 3004 1506 3061 et
1561 2999 1852 3078 Hjaltium
1906 3001 1965 3060 in
2020 2997 2341 3061 Isiandiam

498 3107 708 3167 mittit:
762 3105 1084 3166 christiana
1123 3104 1332 3182 religio
1373 3105 1434 3165 in
1475 3106 1736 3165 comitiis
1767 3106 2202 3167 universalibus
2243 3105 2340 3166 ls-

499 3209 713 3275 landiae
754 3210 890 3288 lege
932 3214 1174 3290 recepta
1220 3207 1310 3287 11,
1351 3209 1620 3270 232-44.
1666 3208 1891 3271 Leivus
1935 3212 1993 3273 in
2039 3209 2338 3270 Gronian-

495 3312 657 3377 diam
714 3315 869 3377 redit
922 3314 1126 3393 ibique
1180 3313 1535 3393 religionem
1590 3315 1971 3375 christianam
2017 3313 2343 3377 introducit

494 3422 577 3502 11,
615 3421 763 3484 245.
848 3418 1191 3483 Hailsredus
1235 3425 1296 3481 et
1335 3419 1580 3497 Kjartan
1624 3419 1684 3478 in
1720 3417 2038 3478 Islandiam
2066 3422 2340 3480 remeant

492 3527 576 3606 11,
615 3525 763 3589 246.
806 3523 954 3586 253.
1038 3523 1225 3601 Regis
1271 3522 1445 3584 Oiaw'
1486 3524 1546 3582 in
1590 3520 2009 3584 Vindlandiam
2035 3525 2337 3602 expeditio

492 3631 575 3711 11,
613 3629 761 3694 244.
789 3626 935 3690 251.
1023 3626 1261 3705 Nuptiae
1304 3625 1661 3706 lngibjargae
1712 3631 1780 3688 et
1831 3625 2161 3706 Rognvaldi
2220 3629 2336 3707 dy·

493 3741 680 3798 nastae
723 3732 871 3819 Solii
909 3729 1220 3794 celebratae
1263 3729 1347 3808 11,
1384 3731 1532 3794 283.

363 3872 448 3891 —-
533 3840 638 3903 5to
655 3839 863 3902 iduum
881 3837 1219 3916 Septembr.
1247 3834 1393 3913 (111,
1419 3836 1537 3916 11)
1557 3854 1761 3915 pugna
1784 3835 2163 3898 Svoidrensis
2180 3837 2337 3898 inter

488 3963 700 4025 regem
734 3943 994 4008 mavum
1030 3942 1312 4021 Tryggvii
1350 3939 1540 4002 silium
1585 3946 1649 4003 et
1687 3940 1971 4005 Sveinem
1996 3938 2335 4002 Fui-cobar-

487 4050 633 4115 bum
653 4095 674 4128 ‚
728 4048 985 4113 Oiavum
1028 4063 1238 4127 regom
1280 4045 1510 4109 Sveciae
1552 4046 1948 4126 Eirikumquc
1991 4047 2328 4127 dynastam.

421 4258 536 4314 voi.
577 4259 670 4312 xr.
987 4187 1002 4191 -
1763 4228 1834 4299 D
1867 4224 1912 4299 d'
