2950 4684
351 308 431 372 c.
464 304 563 371 13,
881 310 980 357 ms
1027 310 1337 359 putans
1377 308 1860 359 somnusnm&
2249 281 2371 373 8⁷

350 494 732 585 operarius
783 493 945 584 ejus
999 491 1432 565 domesticus
1494 495 1805 563 securim
1867 513 2082 564 suam·
2116 492 2365 564 vendi·

353 593 607 679 disset,
657 594 1115 686 vicissimque
1152 601 1426 665 vestem
1458 595 1617 665 caui
1647 590 1912 664 coloris
1942 595 2366 687 recepisset,

347 692 491 765 hos
540 714 802 764 versus
854 694 1288 785 composuit:

543 804 551 809 ’
688 792 805 863 Ne
861 795 1020 886 quis
1071 813 1261 862 arma
1314 796 1545 886 pretio
1600 794 1896 865 vendat!

348 954 425 1006 vit
441 974 640 1019 navem,
677 954 709 1005 i·
734 975 775 1005 e.
815 974 997 1006 navem
1022 953 1332 1007 conscendit.
1405 955 1708 1025 Interpretes
1727 954 1849 1020 Hk„
1884 955 2155 1009 lectionem
2180 956 2369 1006 πιδη-

352 1045 403 1096 8‘8
439 1046 627 1111 secuti,
680 1044 888 1096 mdrm's
923 1061 1038 1096 mor
1091 1048 1155 1099 de
1194 1048 1306 1099 solo
1344 1047 1503 1121 gladii
1544 1048 1579 1099 i.
1614 1069 1656 1100 e.
1693 1049 1874 1118 clypeo
1912 1047 2217 1120 intelligunt.
2263 1047 2369 1102 Sed

346 1139 619 1192 lectionem
658 1136 865 1188 mdrm's
902 1139 1073 1192 minus
1111 1154 1296 1193 certam
1334 1161 1441 1193 esse
1480 1155 1711 1202 autumo,
1750 1140 1864 1193 vide
1901 1162 2052 1212 supra
2092 1162 2196 1193 var.
2218 1143 2251 1192 1.
2276 1140 2369 1210 0.).

346 1233 411 1298 y)
448 1231 625 1284 Potest
668 1229 884 1299 Byrgl'r
925 1252 1031 1285 esse
1065 1237 1273 1285 'nomen
1324 1254 1531 1303 propr.,
1589 1247 1639 1285 et
1683 1230 1748 1283 B.
1791 1232 2116 1302 berg-salar,
2167 1233 2370 1307 Byrger

346 1323 498 1387 antri,
535 1324 568 1376 i.
605 1346 649 1377 e.
688 1321 889 1396 Byrger
922 1325 1182 1390 autricola,
1219 1327 1378 1400 gigas,
1415 1343 1705 1380 contemtus
1742 1341 1923 1386 causa3
1960 1327 2123 1398 possit
2160 1349 2369 1398 qnoque

348 1415 547 1485 byn-gir
580 1438 679 1488 pro
717 1419 1020 1487 appellativo
1060 1420 1212 1483 sumi,
1250 1433 1300 1471 et
1338 1419 1463 1472 verti
1498 1442 1592 1490 per
1627 1421 1978 1483 defensorem,
2015 1421 2301 1480 custodem,
2338 1441 2368 1473 a

348 1514 505 1563 verbo
544 1510 1066 1580 byrgia=bjargoe‚
1116 1533 1268 1582 opem
1307 1515 1465 1577 ferre,
1503 1515 1680 1566 eadem
1718 1515 1900 1567 eodem
1939 1533 2095 1566 sensu
2130 1528 2370 1566 manente

345 1603 565 1675 gigantis
603 1606 960 1675 appellatione.
1052 1601 1272 1676 Interpr.
1307 1606 1409 1657 Hk.
1450 1609 1675 1679 jungunt
1724 1605 2022 1675 berg-salar
2071 1604 2241 1664 hond,
2294 1605 2369 1659 dii

347 1696 621 1751 antrieolae.
693 1697 998 1764 Berstufoe‚
1052 1702 1195 1770 quod
1249 1704 1466 1753 membr.
1507 1703 1558 1752 h.
1595 1702 1628 1751 1.
1671 1702 1856 1764 babet,
1910 1700 2086 1754 derivo
2134 1721 2163 1752 a
2217 1699 2368 1762 bera,

345 1811 483 1854 ursa,
519 1805 570 1843 et
605 1791 977 1858 stufoe=hod.
1014 1795 1184 1858 stoja,
1221 1795 1559 1859 coenaculum,
1595 1796 1755 1859 aedes3
1792 1794 1926 1846 aedes
1962 1813 2111 1857 ursoe,
2148 1794 2366 1846 lustrum

347 1903 494 1946 ursae,
533 1886 704 1940 forent
741 1889 897 1939 saltus
933 1888 1011 1939 vel
1049 1901 1308 1938 montana.
1380 1884 1439 1954 ὃ)
1479 1902 1700 1940 mentem
1739 1903 1902 1958 poetae
1932 1888 2085 1940 talem
2111 1886 2368 1939 informo:

345 1975 658 2050 imaginatur
692 1993 874 2050 poeta,
911 1977 1190 2051 Byrgerem
1231 1995 1280 2032 et
1314 1969 1629 2041 Haraldum,
1677 2002 1869 2032 merces
1908 1981 2225 2048 direpturos,
2262 1982 2369 2031 sra-

343 2085 475 2122 ctam
526 2092 711 2124 navem
749 2072 1101 2124 mercatoriam
1139 2072 1465 2123 Islandorum
1507 2071 1600 2136 (de
1635 2093 1734 2142 qua
1772 2072 1899 2123 Hkr.
1939 2073 2021 2124 Ol.
2060 2071 2150 2121 Tr.
2189 2092 2232 2123 c.
2254 2066 2367 2140 36)

256 2207 263 2211 .
347 2166 713 2227 οοηεεοηᾶετος
753 2165 825 2217 sic
846 2165 1091 2218 sententia
1113 2164 1441 2228 intercalaris,
1488 2163 1530 2213 V
1529 2162 1858 2237 indat—citt,
1894 2164 2087 2217 ironice
2105 2164 2369 2234 capienda,

345 2272 394 2310 o:
434 2273 588 2328 atque
624 2273 734 2310 tum
776 2259 1016 2329 quidem,
1065 2281 1182 2311 cum
1222 2261 1375 2311 fracta
1415 2257 1558 2310 navis
1608 2273 1713 2310 erat
1748 2258 2044 2329 spolianda,
2094 2259 2367 2312 strenuitas

346 2351 652 2422 animusque
689 2352 796 2423 regi
829 2373 936 2404 non
976 2352 1141 2405 defuit
1233 2353 1368 2404 Tum
1413 2368 1526 2406 'tota
1583 2353 1691 2404 haec
1741 2354 1953 2422 stropha
2006 2373 2230 2405 connexa
2269 2353 2368 2405 suit

347 2465 466 2495 cum
523 2446 734 2514 stropha
791 2446 1104 2515 praecedente
1157 2446 1407 2516 deperditi
1458 2445 1730 2509 carminis,
1795 2446 2054 2516 hujusque
2115 2443 2367 2514 apodosin

345 2533 533 2591 effecit.
609 2538 821 2608 interpr·
861 2538 960 2590 Hk.
997 2537 1319 2591 timiditatem
1357 2539 1491 2612 regis
1532 2538 1748 2591 describi
1783 2553 1982 2609 putant,
2017 2552 2171 2607 tropo
2208 2536 2367 2607 petito

347 2633 413 2682 ab
465 2629 670 2701 gigante
718 2630 1024 2703 Rungnere,
1089 2631 1178 2702 qui
1231 2635 1466 2709 clypeum
1517 2651 1622 2703 prae
1667 2647 1809 2685 metu
1857 2633 2075 2703 pedibus
2114 2629 2365 2697 subjecit5

345 2725 526 2777 confer
562 2729 619 2794 β.

500 2817 635 2868 Rem
671 2816 809 2867 baud
848 2816 1099 2889 ingratam
1137 2818 1362 2869 facturus
1402 2814 1533 2866 mihi
1569 2815 1779 2877 videor,
1833 2814 1877 2866 si
1926 2836 2045 2868 cum
2095 2817 2367 2870 lectoribus

344 2909 793 2962 communicavero
843 2911 998 2974 hujus
1037 2909 1264 2979 strophae
1299 2908 1729 2960 constructionem
1764 2923 1814 2960 et
1848 2908 2150 2973 versionem,
2191 2931 2220 2962 a
2260 2911 2368 2963 viro

348 3002 650 3061 doctissimo
688 3016 738 3054 et.
773 3017 922 3074 poeta
950 3001 1272 3073 politissima
1311 3001 1537 3072 Eggerto
1570 3001 1754 3055 Olavio
1790 2998 1866 3071 (†
1890 2999 2052 3070 1768)
2091 3005 2369 3057 concinna-

347 3112 483 3159 tam,
520 3097 724 3167 qualem
763 3096 815 3146 in
855 3096 1113 3149 schedulis
1149 3110 1377 3148 notatam
1415 3095 1608 3164 reperi:
1656 3095 1734 3162 ῥά
1772 3112 1832 3146 er
1868 3096 2205 3147 mord'ktmnr
2248 3097 2368 3149 Πα-

350 3188 512 3239 raldr
547 3204 721 3257 spara
768 3187 891 3255 (air)
939 3204 1161 3239 ananan
1211 3190 1296 3249 mo
1332 3187 1571 3250 mortuis,
1620 3188 1698 3256 fid
1747 3186 1876 3240 varii
1943 3187 2119 3239 Vinda
2165 3191 2371 3256 myreis·

347 3280 618 3332 eitr1-vax
663 3281 688 3331 i
725 3284 879 3347 saxa
924 3280 1067 3333 ham.
1157 3281 1264 3349 par
1310 3282 1376 3331 εά
1425 3296 1534 3330 eun
1582 3279 1674 3331 cua
1726 3280 1751 3329 i
1788 3264 1986 3344 jo‘ldu,
2040 3279 2164 3344 (av)
2213 3281 2371 3330 221·th

350 3373 676 3443 borgsalar²
694 3373 924 3443 Byrgir,
965 3374 1239 3427 beandum
1275 3372 1420 3424 raekr
1458 3373 1482 3423 i
1517 3371 1696 3433 laudi,
1732 3387 1832 3422 var
1857 3370 2021 3438 syriv-
2055 3369 2222 3421 riki⁸s
2259 3372 2294 3423 i.
2325 3394 2370 3424 e.

351 3469 561 3539 quando
615 3467 946 3521 clandestinis
994 3467 1287 3521 homicidiis
1341 3467 1548 3521 infamis
1584 3466 1839 3518 Haraldus
1891 3464 1989 3516 iste
2036 3466 2259 3518 mlcabat
2313 3487 2372 3519 ex

349 3576 525 3617 austro
563 3582 727 3624 mare,
778 3576 904 3615 tunc
942 3563 1092 3615 fiebat
1128 3561 1396 3630 improbus
1433 3580 1703 3630 percussor
1736 3558 2090 3610 vandalorum
2129 3574 2373 3611 venenata

348 3675 463 3708 cera
516 3654 571 3706 in
624 3656 757 3725 pelle
808 3653 1050 3722 (exuviis)
1100 3652 1275 3723 angvis
1329 3652 1587 3718 (cristati).
1666 3653 1856 3704 Adhuc
1904 3651 2144 3705 videbant
2190 3653 2372 3705 eodem

348 3763 587 3818 tempore
625 3747 896 3810 homines,
927 3748 980 3799 in
1021 3749 1268 3800 fluctuum
1306 3759 1432 3797 aestu
1469 3760 1690 3816 agentes,
1728 3746 1871 3815 quod
1902 3746 2159 3816 impotens
2196 3745 2375 3814 (igno-

347 3842 497 3906 bilia)
549 3842 637 3894 ille
671 3840 846 3912 Birgir
881 3839 1101 3908 (custos)
1152 3837 1296 3891 urbis
1333 3836 1606 3907 (publicae),
1633 3838 1828 3891 latrinae
1878 3857 1984 3908 prae
2031 3856 2191 3907 regno
2246 3852 2375 3889 essct

286 3978 289 3981 .
348 3934 628 4006 (ditionem
664 3933 1098 4000 administraret),
1134 3954 1164 3987 a
1201 3930 1503 3984 numinibus
1541 3952 1570 3984 e
1603 3945 1733 3983 terra
1774 3928 2003 3995 (merito)
2041 3928 2338 3994 ejiciendus.

423 4025 471 4093 ι)
510 4027 670 4080 editio
705 4026 1215 4098 Peringskjoldiana,
1269 4024 1324 4077 in
1360 4023 1462 4074 Hk.
1501 4021 1683 4086 citata,
1736 4024 1889 4074 habet
1921 4020 2189 4075 lectionem
2228 4021 2374 4084 citri,
2409 4060 2418 4065 .

347 4140 447 4189 pro
486 4117 603 4172 citt.
678 4119 727 4183 2)
765 4119 838 4174 sic
875 4120 1073 4174 eadem.
1151 4119 1196 4185 ³)
1234 4118 1305 4172 sic
1339 4117 1536 4170 eadem.
2091 4124 2094 4127 ’
