2950 4684
561 290 743 377 ΜΞ
1089 312 1444 363 ιῐιετοπυι
1502 312 2020 361 κπυτιυᾼιιωπ.
2300 335 2306 345 .
2367 311 2443 374 o.
2484 313 2594 379 51,

574 524 778 601 qnam
832 504 1175 573 rationem
1227 499 1443 593 hujus
1492 517 1973 590 congressus,
2041 502 2160 594 qui
2214 498 2594 572 habendus

572 627 731 678 cum
782 602 1032 674 Knuto
1077 600 1286 673 vobis
1348 609 1495 685 est,
1573 601 1911 669 insistere
1980 600 2358 693 cogitatis?
2440 597 2588 690 Qui

575 708 712 777 etsi
766 706 1105 795 exiguum
1157 723 1308 794 prae
1355 701 1627 792 ingenti
1677 697 1842 785 illo,
1912 720 2122 794 quem
2175 722 2313 772 vos
2364 699 2585 772 habe-

572 808 688 892 tis,
738 823 1105 875 numerum
1146 803 1508 895 copiarum
1540 799 1820 886 habeat,
1872 809 2105 871 tamen
2133 800 2322 872 aliud
2361 802 2592 896 quod-

569 909 751 1001 piam
807 902 1348 995 excogitandum
1402 900 1771 973 consilium
1802 911 1937 987 est,
1987 905 2049 972 si
2079 923 2203 973 res
2231 918 2587 974 successu

570 1027 712 1078 non
765 1002 1061 1092 carebit3
1114 1003 1327 1073 hahet
1391 1005 1577 1072 enim
1631 1005 1877 1092 copias
1926 1003 2176 1073 viritim
2230 1002 2459 1074 lectas
2513 1011 2596 1073 et

569 1111 679 1179 rei
730 1104 1049 1175 militaris
1101 1106 1587 1196 peritissimas.
1688 1101 1967 1193 Regem
2020 1101 2366 1189 Knutum,
2438 1106 2590 1196 jana

569 1229 758 1279 nunc
808 1225 938 1298 per
984 1201 1486 1297 speculatores
1539 1203 1631 1273 de
1666 1212 1913 1275 nostro
1940 1205 2196 1273 itinere
2229 1204 2590 1290 edoctum,

573 1316 650 1378 et
699 1303 1018 1377 consiliis
1070 1303 1356 1398 plenum
1413 1313 1488 1374 et
1538 1304 1628 1373 ad
1680 1302 1974 1373 fraudes
2025 1314 2302 1375 acutum
2359 1325 2585 1397 expe-

571 1408 864 1478 riemini.
969 1403 1198 1497 Quam
1252 1403 1346 1475 oh
1401 1424 1553 1474 rem
1612 1426 1653 1475 e
1687 1406 1958 1474 ratione
1993 1425 2165 1475 esse
2194 1406 2410 1490 duco,
2456 1404 2588 1475 ali-

573 1529 779 1602 quem
835 1527 878 1577 o
927 1509 1194 1576 nostris
1244 1508 1468 1576 virum
1523 1506 1938 1599 prudentem
1988 1527 2145 1576 cum
2185 1509 2382 1598 pacis
2414 1527 2585 1577 eon-

575 1604 963 1679 ditionibus
1015 1606 1105 1675 ad
1159 1617 1407 1696 regem
1460 1609 1780 1691 mittere,
1856 1608 1975 1699 qui
2044 1627 2406 1677 numerum
2462 1628 2586 1677 co-

572 1711 842 1804 piarum
910 1709 1065 1798 ejus
1134 1714 1209 1777 et
1257 1727 1419 1798 quae
1482 1709 1705 1796 agitet
1766 1704 2060 1776 consilia
2131 1726 2585 1798 cognoscere

571 1812 821 1904 possit.
925 1804 1111 1897 Quae
1164 1808 1340 1877 ra‘tio
1407 1828 1566 1876 cum
1621 1806 1946 1876 omnihus
1998 1805 2289 1876 mirifice
2342 1806 2587 1901 piace·
2703 1849 2709 1854 ·

572 1919 720 1996 ret,
788 1910 1157 2002 ceterique
1210 1906 1393 1978 hanc
1443 1905 1970 2000 profectionem,
2011 1909 2208 1978 inviti
2257 1912 2586 2001 suscipe-

574 2019 756 2096 rent,
809 2009 1110 2103 dynasta
1163 2005 1445 2079 locutus
1501 2017 1645 2078 est:
1720 2029 1951 2078 nonno
2007 2028 2051 2078 e
2101 2011 2375 2079 ratione
2426 2009 2587 2080 sue-

569 2115 686 2197 rit,
738 2131 877 2196 me,
931 2111 1050 2205 qui
1102 2132 1260 2181 cum
1311 2130 1495 2202 rege
1544 2112 1812 2203 saepius
1854 2107 2042 2179 dolis
2071 2110 2587 2197 contenderim,

567 2210 752 2283 hanc
803 2211 893 2281 ad
946 2231 1106 2279 eum
1156 2213 1539 2302 suscipere
1590 2209 2154 2301 profectionem?
2205 2210 2397 2280 Dein
2451 2212 2586 2304 dy-

573 2321 796 2397 nasta,
848 2307 1117 2404 aliquot
1169 2312 1574 2393 comitatuS,
1628 2312 1911 2401 navigio
1947 2310 2225 2381 'fretum
2276 2313 2582 2404 trajecit3

569 2422 836 2484 ceterae
889 2413 1114 2502 copiae
1166 2419 1419 2502 postea
1448 2409 2010 2502 transfretarunt,
2062 2420 2205 2482 tum
2236 2412 2586 2506 praefecto

567 2511 858 2584 militum
907 2510 1243 2603 Eyvindo
1290 2508 1531 2595 Bivra,
1585 2531 1724 2605 quo
1776 2532 1987 2583 nemo
2038 2515 2108 2582 in
2159 2534 2406 2605 regem
2439 2535 2586 2585 ma-

568 2612 1006 2686 levolentior
1054 2621 1176 2684 aut
1226 2610 1766 2683 maledicentior
1817 2622 2001 2699 erat,
2053 2613 2141 2684 ad
2194 2635 2343 2704 rem
2377 2637 2583 2708 quam

570 2719 868 2811 primum
931 2714 1401 2785 maturandam
1470 2715 1821 2784 acerrimo
1889 2713 2273 2785 hortatore.
2394 2715 2587 2786 Con-

571 2820 887 2888 stitutum
944 2824 1096 2902 est,
1160 2824 1236 2886 ut
1290 2816 1624 2907 dynasta,
1695 2825 2049 2886 convento
2103 2836 2283 2907 rege
2336 2813 2584 2887 Knuto

567 2939 1010 3011 numeroque
1063 2919 1421 3009 copiarum
1478 2919 1636 3007 eJus
1691 2924 1764 2986 et
1814 2915 2135 2987 consiliis
2168 2915 2584 3009 exploratis,

570 3017 663 3087 ad
714 3020 1102 3086 exercitum
1157 3016 1446 3086 rediret.
1547 3015 1647 3086 Ut
1698 3035 1875 3086 vero
1933 3020 2159 3110 copiae
2213 3038 2297 3086 se
2327 3017 2420 3088 ad
2464 3039 2584 3088 na-

568 3116 945 3208 vigandum
1002 3115 1425 3186 Randaroso
1457 3115 1977 3208 comparabant,
2027 3116 2365 3189 Thordus
2394 3116 2584 3189 Sko-

568 3220 720 3288 rius
771 3213 1013 3286 Tolari
1079 3214 1394 3307 Vei-pili,
1469 3216 1702 3286 sodali
1770 3238 1943 3289 suo:
2025 3221 2156 3309 iam
2219 3240 2355 3289 nos
2424 3240 2582 3289 cum

568 3327 812 3390 nostra
863 3339 1068 3389 manu
1120 3314 1533 3401 redibimuS,
1585 3320 1828 3411 inquit,
1881 3329 1985 3390 tot
2037 3323 2216 3390 enim
2270 3318 2411 3391 buc
2458 3318 2584 3389 ad·-

569 3440 843 3490 venere
896 3422 1031 3491 viri
1087 3425 1423 3512 potentes
1495 3426 1569 3487 et
1634 3421 1961 3511 insignes
2031 3423 2434 3514 principes»,
2505 3429 2584 3491 ut

570 3528 837 3590 nostrae
888 3521 1286 3592 auctoritati
1338 3540 1580 3612 parum
1632 3518 1963 3591 tributum
2005 3524 2092 3592 iri
2127 3532 2386 3613 putem.
2488 3519 2591 3590 At

571 3630 803 3691 tamen
855 3621 1304 3713 profectione
1358 3629 1604 3690 nostra
1654 3641 1804 3691 rem
1860 3643 2177 3713 magnam
2213 3623 2585 3692 consecuti

570 3741 856 3810 sumus;
932 3742 1090 3791 nam
1143 3722 1440 3791 maxima
1493 3741 1670 3811 spes
1723 3730 1867 3806 est,
1947 3720 2133 3791 hunc
2187 3724 2584 3793 exercitum

572 3842 712 3892 non
764 3830 927 3893 ante
979 3826 1304 3893 stitutum
1359 3820 1691 3913 gradum,
1743 3841 1946 3913 quam
1997 3819 2394 3913 perfectum
2424 3819 2584 3890 fuo-

571 3925 664 3992 rit
713 3922 825 4008 id,
903 3925 976 3993 in
1027 3945 1171 4018 quo
1235 3943 1507 3994 summa
1557 3921 1860 3991 omnium
1908 3919 2109 3992 salus
2160 3941 2249 3990 ac
2298 3919 2586 3992 fortuna

574 4024 938 4109 consistit,
1025 4024 1271 4096 caedes
1335 4020 1559 4092 Knuti
1635 4021 1852 4110 regis.
1987 4020 2177 4092 Dein
2243 4040 2424 4092 suos
2490 4019 2582 4093 ab

572 4117 895 4194 exercitu
932 4131 1413 4217 segregarunt
1454 4130 1529 4191 et
1570 4119 1881 4211 digressi
1932 4130 2122 4209 suut,
2174 4123 2457 4196 nemine
2511 4123 2586 4191 in
