2950 4684
592 286 771 377 m
1127 312 1493 363 ursronu
1543 313 2062 363 xuunnnnum
2285 311 2361 375 ο.
2383 309 2613 379 M.

600 520 760 573 cum
813 508 962 589 est,
1014 502 1676 592 consangvinitatis,
1755 519 1962 594 quam
2031 518 2275 571 earum
2342 519 2611 589 rerum,

600 623 765 697 quae
811 622 1019 673 meos
1066 610 1377 695 tuosque
1426 603 1737 694 majores
1764 605 2348 672 intercesserunt.
2396 600 2610 690 Nam,

599 723 809 796 quum
859 723 1016 773 mea
1082 704 1391 794 dignitas
1456 705 1530 772 in
1579 722 1836 794 magno
1891 702 2300 773 discrimine
2350 721 2614 775 verse-2

598 811 738 890 tur,
787 806 1202 898 animusque
1231 823 1437 875 meus
1470 805 1842 897 percupiat
1879 801 2199 874 honores
2226 801 2399 874 mihi
2434 823 2609 873 con-

597 923 861 975 cessos
913 904 1265 990 retinere,
1346 912 1771 997 potestatem
1825 901 1991 974 mihi
2043 925 2084 973 a
2137 914 2338 996 patre
2388 904 2612 974 tradi-

596 1012 735 1074 tam
789 1005 1159 1099 deponere
1208 1002 1593 1097 refugiat¹‚
1669 1005 1809 1075 tuis
1858 1006 1955 1075 uti
2008 1007 2315 1076 sinceris
2365 1007 2608 1077 consi-

598 1102 738 1192 liis,
792 1128 949 1199 quae
998 1109 1094 1176 sit
1141 1107 1447 1178 ineunda
1501 1107 1706 1190 ratio,
1758 1103 2126 1197 pervelim.
2229 1104 2403 1175 Cui
2385 1126 2606 1198 unpe-

595 1214 829 1277 rator.
907 1205 1182 1292 audivi,
1262 1215 1334 1277 te
1402 1205 1494 1276 ab
1548 1197 1875 1278 omnihus
1928 1204 2129 1297 diligi
2181 1213 2256 1277 et
2308 1203 2607 1293 laudari,

593 1328 732 1401 qua
785 1326 870 1377 re
920 1327 1189 1378 summa
1239 1306 1640 1379 necessitas
1692 1305 2035 1400 postulat,
2102 1317 2182 1379 ut
2231 1316 2424 1381 tuum
2476 1309 2603 1377 im-

592 1409 868 1500 perium
938 1407 1494 1502 dignitatemque
1558 1410 1873 1479 retinere
1942 1422 2191 1502 queas.
2332 1406 2606 1478 Verum

593 1509 780 1601 apud
847 1530 984 1581 nos
1046 1507 1427 1582 Saxoniam
1494 1507 1935 1594 ineolenteS‚
2017 1508 2606 1602 quemadmodum

593 1607 834 1680 multis
884 1610 1039 1680 aliis
1090 1609 1295 1696 lociS,
1345 1609 1795 1682 consuetudo
1848 1618 1998 1695 est,
2044 1611 2266 1704 inquit
2303 1613 2603 1703 impera-

592 1716 732 1796 tor,
781 1719 859 1782 ut
909 1709 1226 1783 occlusis
1276 1710 1564 1783 litorum
1615 1709 1964 1802 portubus
2013 1713 2401 1804 portorium
2452 1713 2604 1780 exi-

594 1818 844 1900 gatur,
913 1831 1308 1905 omnesque
1357 1835 1400 1884 a
1452 1810 1753 1883 navibus
1804 1813 1876 1880 in
1928 1820 2206 1904 portum
2259 1809 2604 1883 invehen-

596 1909 733 1996 dis,
781 1914 924 1984 nisi
971 1910 1345 2006 persoluto
1382 1915 1729 2007 portorio,
1780 1911 2309 2005 prohibeantur.
2406 1909 2605 1983 Fieri

593 2012 881 2106 quidem
948 2022 1225 2107 potest,
1305 2024 1384 2086 ut
1442 2012 1604 2085 haec
1669 2012 1959 2084 duriora
2023 2015 2400 2085 videantur
2446 2017 2604 2100 'eim

592 2114 713 2207 qui
762 2113 1022 2186 talibus
1072 2117 1328 2186 insveti
1377 2116 1539 2200 sint,
1590 2124 1758 2186 tuus
1807 2134 1988 2185 vero
2039 2112 2274 2185 honos
2308 2115 2450 2205 jam
2480 2137 2606 2186 an-

592 2221 711 2284 tea
761 2223 997 2286 tantos
1046 2214 1218 2285 fecit
1267 2235 1751 2308 progressuS‚
1831 2223 1910 2284 ut
1978 2213 2110 2286 hac
2162 2236 2244 2286 re
2297 2216 2606 2287 imminui

591 2333 737 2383 non
783 2336 1008 2406 posse
1056 2315 1400 2386 videatur.
1456 2348 1461 2353 ·
1511 2315 1788 2386 Etenim
1844 2313 2081 2387 multis
2132 2315 2332 2388 orbis
2377 2326 2603 2388 terra-

590 2435 745 2486 rum
798 2413 982 2487 locis
1033 2435 1119 2486 ea
1169 2415 1620 2487 consvetndo
1673 2423 1790 2485 est
1836 2417 2011 2487 viris
2061 2417 2606 2510 potentioribuS,

591 2524 671 2588 ut
719 2526 971 2608 portus
1023 2519 1093 2586 in
1146 2538 1272 2588 ora
1325 2519 1649 2609 regionis
1701 2517 1883 2587 sitos
1934 2516 2350 2603 occludunt,
2410 2518 2602 2589 unde

593 2625 669 2688 et
718 2619 975 2710 ingens
1024 2616 1214 2689 redit
1276 2639 1550 2690 summa
1612 2620 1973 2713 pecuniae,
2052 2633 2126 2690 et
2184 2617 2359 2690 belli
2424 2629 2603 2689 tem-

590 2738 774 2814 pore
824 2721 1109 2813 insigne
1156 2740 1387 2812 regno
1439 2720 1847 2817 praesidium
1887 2729 2188 2812 paratur.
2288 2718 2603 2790 Praeter·

593 2839 684 2892 ea
749 2819 1174 2915 aliquantum
1238 2820 1366 2892 tibi
1429 2823 1751 2915 pecuniae
1816 2820 2040 2907 daho,
2116 2830 2193 2891 ut
2252 2819 2606 2892 honorem

592 2929 786 2992 tuum
838 2925 1159 2994 retinere
1209 2942 1365 2992 eam
1421 2921 1515 2992 oh
1568 2942 1718 2992 rem
1773 2924 2033 3014 possis.
2163 2920 2371 3007 Dux,
2423 2923 2608 2992 actis

590 3023 1004 3113 imperatori
1055 3043 1186 3116 pro
1241 3022 1404 3093 dato
1457 3021 1764 3093 consilio
1811 3025 2101 3114 gratiis»,
2152 3020 2606 3114 significavit,

589 3129 846 3214 portus
897 3123 970 3192 in
1021 3143 1148 3193 ora
1196 3143 1352 3198 snae
1402 3125 1724 3241 regionis
1786 3124 1967 3193 sitos
2034 3123 2408 3194 commode
2476 3143 2603 3193 oc-

593 3217 787 3301 cludi
836 3241 1084 3316 posse,
1135 3221 1348 3293 talem
1404 3226 1589 3299 enim
1645 3243 1816 3294 esse
1868 3223 2243 3296 multorum
2278 3222 2600 3295 locorum

590 3330 948 3409 naturam,
1028 3334 1106 3395 ut
1165 3343 1485 3416 magnam
1537 3322 1751 3414 huius
1801 3327 1910 3394 rei
1958 3324 2362 3398 facilitatem
2416 3346 2600 3419 prae-

590 3432 756 3497 stet.
854 3423 1145 3496 Deinde
1199 3424 1385 3510 dux,
1445 3425 1700 3520 amplis
1755 3427 2168 3498 muneribus
2220 3425 2602 3520 multisque

589 3523 816 3596 rebus
866 3527 1205 3618 pretiosis
1255 3524 1345 3596 ab
1398 3528 1829 3621 imperatore
1881 3530 2238 3629 acceptia,
2306 3529 2380 3601 in
2432 3548 2598 3627 pro·-

589 3625 887 3698 vinciam
936 3646 1137 3698 suam
1189 3628 1419 3698 rediit.

799 3747 808 3764 ’
914 3766 921 3770 ·
1284 3725 1572 3801 Portus
1619 3729 1915 3801 occlusi.

791 3825 913 3900 86.
1017 3825 1131 3900 Eo
1182 3836 1508 3949 tempore
1559 3833 1812 3923 pagani
1865 3828 2230 3916 hommes,
2300 3828 2419 3926 qui
2469 3845 2604 3918 per

440 3978 459 3989 x
591 3936 890 4003 aestates
942 3927 1204 4003 diutius
1266 3933 1336 4000 in
1404 3932 1695 4024 piratica
1751 3926 2189 4002 excubantes
2251 3935 2601 4005 mercato-

590 4051 721 4102 res
772 4038 896 4101 aut
945 4029 1221 4103 incolas
1274 4031 1754 4124 diripuerunt,
1851 4029 2103 4100 Daniae
2167 4025 2349 4103 fines
2418 4025 2599 4104 infe-

669 4157 719 4235 ¹)
751 4160 927 4216 accinit
961 4163 1066 4231 jam
1101 4162 1388 4216 admodum
1425 4160 1650 4217 fortunia
1685 4161 1833 4232 meis,
1867 4161 1998 4216 add.
2043 4160 2118 4216 M.
