<?xml version="1.0" encoding="UTF-8"?>
<!DOCTYPE html PUBLIC "-//W3C//DTD XHTML 1.0 Transitional//EN"
    "http://www.w3.org/TR/xhtml1/DTD/xhtml1-transitional.dtd">
<html xmlns="http://www.w3.org/1999/xhtml" xml:lang="en" lang="en">
 <head>
  <title>
</title>
<meta http-equiv="Content-Type" content="text/html;charset=utf-8" />
  <meta name='ocr-system' content='tesseract 3.04.00' />
  <meta name='ocr-capabilities' content='ocr_page ocr_carea ocr_par ocr_line ocrx_word'/>
</head>
<body>
  <div class='ocr_page' id='page_1' title='image "./scriptahistoric02dengoog_0065.png"; bbox 0 0 2950 4684; ppageno 0'>
   <div class='ocr_carea' id='block_1_1' title="bbox 320 311 2344 399">
    <p class='ocr_par' dir='ltr' id='par_1_1' title="bbox 320 311 2344 399">
     <span class='ocr_line' id='line_1_1' title="bbox 320 311 2344 399; baseline -0.004 -10"><span class='ocrx_word' id='word_1_1' title='bbox 320 334 397 396; x_wconf 85' lang='grc' dir='ltr'><strong>ο.</strong></span> <span class='ocrx_word' id='word_1_2' title='bbox 435 331 531 394; x_wconf 79' lang='lat'><strong>18.</strong></span> <span class='ocrx_word' id='word_1_3' title='bbox 854 334 953 383; x_wconf 74' lang='lat' dir='ltr'><strong>nu</strong></span> <span class='ocrx_word' id='word_1_4' title='bbox 1002 335 1311 385; x_wconf 65' lang='lat' dir='ltr'><strong>nuans</strong></span> <span class='ocrx_word' id='word_1_5' title='bbox 1356 335 1835 385; x_wconf 69' lang='lat' dir='ltr'><strong>somnusue.</strong></span> <span class='ocrx_word' id='word_1_6' title='bbox 2225 311 2344 399; x_wconf 60' lang='lat' dir='ltr'>fl</span> 
     </span>
    </p>
   </div>
   <div class='ocr_carea' id='block_1_2' title="bbox 304 514 2343 1521">
    <p class='ocr_par' dir='ltr' id='par_1_2' title="bbox 304 514 2343 1521">
     <span class='ocr_line' id='line_1_2' title="bbox 304 514 2338 606; baseline 0.001 -15"><span class='ocrx_word' id='word_1_7' title='bbox 304 530 442 591; x_wconf 88' lang='lat' dir='ltr'><strong>-tur</strong></span> <span class='ocrx_word' id='word_1_8' title='bbox 491 538 629 591; x_wconf 81' lang='lat' dir='ltr'><strong>rex</strong></span> <span class='ocrx_word' id='word_1_9' title='bbox 656 514 1010 591; x_wconf 77' lang='lat' dir='ltr'><strong>Haraldus</strong></span> <span class='ocrx_word' id='word_1_10' title='bbox 1038 515 1266 590; x_wconf 87' lang='lat' dir='ltr'><strong>Sveni</strong></span> <span class='ocrx_word' id='word_1_11' title='bbox 1314 526 1470 591; x_wconf 89' lang='lat' dir='ltr'><strong>tres</strong></span> <span class='ocrx_word' id='word_1_12' title='bbox 1523 538 1746 592; x_wconf 80' lang='lat' dir='ltr'><strong>naves</strong></span> <span class='ocrx_word' id='word_1_13' title='bbox 1801 518 2121 606; x_wconf 81' lang='lat' dir='ltr'><strong>dedisse,</strong></span> <span class='ocrx_word' id='word_1_14' title='bbox 2171 540 2338 593; x_wconf 81' lang='lat' dir='ltr'><strong>cen·</strong></span> 
     </span>
     <span class='ocr_line' id='line_1_3' title="bbox 318 619 2341 717; baseline 0.001 -25"><span class='ocrx_word' id='word_1_15' title='bbox 318 631 470 692; x_wconf 86' lang='lat' dir='ltr'><strong>tum</strong></span> <span class='ocrx_word' id='word_1_16' title='bbox 522 628 599 693; x_wconf 89' lang='lat' dir='ltr'><strong>et</strong></span> <span class='ocrx_word' id='word_1_17' title='bbox 646 619 895 711; x_wconf 86' lang='lat' dir='ltr'><strong>viginti</strong></span> <span class='ocrx_word' id='word_1_18' title='bbox 942 620 1122 691; x_wconf 86' lang='lat' dir='ltr'><strong>viris</strong></span> <span class='ocrx_word' id='word_1_19' title='bbox 1153 622 1556 706; x_wconf 88' lang='lat' dir='ltr'><strong>instructas,</strong></span> <span class='ocrx_word' id='word_1_20' title='bbox 1606 640 1907 714; x_wconf 86' lang='lat' dir='ltr'><strong>quorum</strong></span> <span class='ocrx_word' id='word_1_21' title='bbox 1941 631 2341 717; x_wconf 87' lang='lat' dir='ltr'><strong>utrumque,</strong></span> 
     </span>
     <span class='ocr_line' id='line_1_4' title="bbox 319 722 2339 816; baseline 0 -23"><span class='ocrx_word' id='word_1_22' title='bbox 319 731 462 793; x_wconf 87' lang='lat' dir='ltr'><strong>tam</strong></span> <span class='ocrx_word' id='word_1_23' title='bbox 516 740 766 804; x_wconf 77' lang='lat' dir='ltr'><strong>naveS‚</strong></span> <span class='ocrx_word' id='word_1_24' title='bbox 819 728 1021 815; x_wconf 81' lang='lat' dir='ltr'><strong>&#39;quam</strong></span> <span class='ocrx_word' id='word_1_25' title='bbox 1074 722 1327 813; x_wconf 77' lang='lat' dir='ltr'><strong>copiae,</strong></span> <span class='ocrx_word' id='word_1_26' title='bbox 1394 723 1647 793; x_wconf 81' lang='lat' dir='ltr'><strong>minori</strong></span> <span class='ocrx_word' id='word_1_27' title='bbox 1698 741 1867 792; x_wconf 89' lang='lat' dir='ltr'><strong>cura</strong></span> <span class='ocrx_word' id='word_1_28' title='bbox 1923 731 2080 794; x_wconf 88' lang='lat' dir='ltr'><strong>erat</strong></span> <span class='ocrx_word' id='word_1_29' title='bbox 2128 744 2339 816; x_wconf 73' lang='lat' dir='ltr'><strong>appa·</strong></span> 
     </span>
     <span class='ocr_line' id='line_1_5' title="bbox 318 817 2338 910; baseline 0 -15"><span class='ocrx_word' id='word_1_30' title='bbox 318 831 569 895; x_wconf 82' lang='lat' dir='ltr'><strong>ratum.</strong></span> <span class='ocrx_word' id='word_1_31' title='bbox 670 817 857 892; x_wconf 84' lang='lat' dir='ltr'><strong>Post.</strong></span> <span class='ocrx_word' id='word_1_32' title='bbox 905 818 1064 890; x_wconf 83' lang='lat' dir='ltr'><strong>haec</strong></span> <span class='ocrx_word' id='word_1_33' title='bbox 1114 817 1315 892; x_wconf 89' lang='lat' dir='ltr'><strong>Sven</strong></span> <span class='ocrx_word' id='word_1_34' title='bbox 1365 821 1533 892; x_wconf 90' lang='lat' dir='ltr'><strong>inde</strong></span> <span class='ocrx_word' id='word_1_35' title='bbox 1584 841 1670 892; x_wconf 90' lang='lat' dir='ltr'><strong>se</strong></span> <span class='ocrx_word' id='word_1_36' title='bbox 1713 822 1969 910; x_wconf 72' lang='lat' dir='ltr'><strong>aufert,</strong></span> <span class='ocrx_word' id='word_1_37' title='bbox 2023 822 2338 896; x_wconf 83' lang='lat' dir='ltr'><strong>delatus-</strong></span> 
     </span>
     <span class='ocr_line' id='line_1_6' title="bbox 319 918 2336 1015; baseline 0.001 -22"><span class='ocrx_word' id='word_1_38' title='bbox 319 943 468 1015; x_wconf 84' lang='lat' dir='ltr'><strong>que</strong></span> <span class='ocrx_word' id='word_1_39' title='bbox 520 921 611 993; x_wconf 85' lang='lat' dir='ltr'><strong>ad</strong></span> <span class='ocrx_word' id='word_1_40' title='bbox 663 924 1079 993; x_wconf 81' lang='lat' dir='ltr'><strong>nutritorem</strong></span> <span class='ocrx_word' id='word_1_41' title='bbox 1107 918 1601 995; x_wconf 84' lang='lat' dir='ltr'><strong>Paluatokium</strong></span> <span class='ocrx_word' id='word_1_42' title='bbox 1653 926 1884 994; x_wconf 88' lang='lat' dir='ltr'><strong>omnia</strong></span> <span class='ocrx_word' id='word_1_43' title='bbox 1928 922 2180 996; x_wconf 79' lang='lat' dir='ltr'><strong>ordine</strong></span> <span class='ocrx_word' id='word_1_44' title='bbox 2209 945 2336 996; x_wconf 86' lang='lat' dir='ltr'><strong>ex·</strong></span> 
     </span>
     <span class='ocr_line' id='line_1_7' title="bbox 321 1021 2336 1116; baseline 0.002 -22"><span class='ocrx_word' id='word_1_45' title='bbox 321 1026 527 1115; x_wconf 86' lang='lat' dir='ltr'><strong>ponit</strong></span> <span class='ocrx_word' id='word_1_46' title='bbox 587 1043 749 1116; x_wconf 82' lang='lat' dir='ltr'><strong>quae</strong></span> <span class='ocrx_word' id='word_1_47' title='bbox 813 1043 971 1092; x_wconf 90' lang='lat' dir='ltr'><strong>cum</strong></span> <span class='ocrx_word' id='word_1_48' title='bbox 1024 1038 1223 1115; x_wconf 86' lang='lat' dir='ltr'><strong>patre</strong></span> <span class='ocrx_word' id='word_1_49' title='bbox 1278 1021 1502 1095; x_wconf 85' lang='lat' dir='ltr'><strong>verba</strong></span> <span class='ocrx_word' id='word_1_50' title='bbox 1542 1032 2068 1095; x_wconf 79' lang='lat' dir='ltr'><strong>commutasset.</strong></span> <span class='ocrx_word' id='word_1_51' title='bbox 2168 1022 2336 1097; x_wconf 85' lang='lat' dir='ltr'><strong>Pal-</strong></span> 
     </span>
     <span class='ocr_line' id='line_1_8' title="bbox 321 1122 2338 1219; baseline 0 -23"><span class='ocrx_word' id='word_1_52' title='bbox 321 1124 686 1196; x_wconf 85' lang='lat' dir='ltr'><strong>uatokius:</strong></span> <span class='ocrx_word' id='word_1_53' title='bbox 739 1122 903 1194; x_wconf 86' lang='lat' dir='ltr'><strong>talia</strong></span> <span class='ocrx_word' id='word_1_54' title='bbox 954 1122 1043 1194; x_wconf 89' lang='lat' dir='ltr'><strong>ab</strong></span> <span class='ocrx_word' id='word_1_55' title='bbox 1100 1143 1217 1209; x_wconf 89' lang='lat' dir='ltr'><strong>eo,</strong></span> <span class='ocrx_word' id='word_1_56' title='bbox 1267 1142 1504 1219; x_wconf 86' lang='lat' dir='ltr'><strong>neque</strong></span> <span class='ocrx_word' id='word_1_57' title='bbox 1547 1123 1867 1210; x_wconf 79' lang='lat' dir='ltr'><strong>meliora,</strong></span> <span class='ocrx_word' id='word_1_58' title='bbox 1917 1127 2157 1218; x_wconf 87' lang='lat' dir='ltr'><strong>inquit,</strong></span> <span class='ocrx_word' id='word_1_59' title='bbox 2211 1147 2338 1197; x_wconf 87' lang='lat' dir='ltr'><strong>ex-</strong></span> 
     </span>
     <span class='ocr_line' id='line_1_9' title="bbox 321 1222 2343 1319; baseline 0 -23"><span class='ocrx_word' id='word_1_60' title='bbox 321 1225 641 1319; x_wconf 87' lang='lat' dir='ltr'><strong>spectari</strong></span> <span class='ocrx_word' id='word_1_61' title='bbox 712 1232 1109 1318; x_wconf 88' lang='lat' dir='ltr'><strong>potuerunt.</strong></span> <span class='ocrx_word' id='word_1_62' title='bbox 1219 1223 1414 1295; x_wconf 87' lang='lat' dir='ltr'><strong>Dein</strong></span> <span class='ocrx_word' id='word_1_63' title='bbox 1482 1222 1704 1297; x_wconf 86' lang='lat' dir='ltr'><strong>Sveni</strong></span> <span class='ocrx_word' id='word_1_64' title='bbox 1772 1236 1925 1299; x_wconf 89' lang='lat' dir='ltr'><strong>tres</strong></span> <span class='ocrx_word' id='word_1_65' title='bbox 1990 1246 2216 1299; x_wconf 88' lang='lat' dir='ltr'><strong>naves</strong></span> <span class='ocrx_word' id='word_1_66' title='bbox 2267 1236 2343 1297; x_wconf 79' lang='lat' dir='ltr'><strong>et</strong></span> 
     </span>
     <span class='ocr_line' id='line_1_10' title="bbox 319 1323 2342 1422; baseline 0.001 -26"><span class='ocrx_word' id='word_1_67' title='bbox 319 1337 606 1397; x_wconf 87' lang='lat' dir='ltr'><strong>centum</strong></span> <span class='ocrx_word' id='word_1_68' title='bbox 659 1325 909 1416; x_wconf 85' lang='lat' dir='ltr'><strong>viginti</strong></span> <span class='ocrx_word' id='word_1_69' title='bbox 960 1324 1222 1396; x_wconf 81' lang='lat' dir='ltr'><strong>milites</strong></span> <span class='ocrx_word' id='word_1_70' title='bbox 1258 1323 1694 1397; x_wconf 87' lang='lat' dir='ltr'><strong>lectissimos</strong></span> <span class='ocrx_word' id='word_1_71' title='bbox 1737 1326 1956 1415; x_wconf 86' lang='lat' dir='ltr'><strong>dedit,</strong></span> <span class='ocrx_word' id='word_1_72' title='bbox 2010 1347 2342 1422; x_wconf 67' lang='lat' dir='ltr'><strong>eumque,</strong></span> 
     </span>
     <span class='ocr_line' id='line_1_11' title="bbox 322 1420 2340 1521; baseline -0 -21"><span class='ocrx_word' id='word_1_73' title='bbox 322 1448 467 1521; x_wconf 87' lang='lat' dir='ltr'><strong>qua</strong></span> <span class='ocrx_word' id='word_1_74' title='bbox 519 1428 791 1498; x_wconf 86' lang='lat' dir='ltr'><strong>ratione</strong></span> <span class='ocrx_word' id='word_1_75' title='bbox 830 1446 980 1495; x_wconf 89' lang='lat' dir='ltr'><strong>rem</strong></span> <span class='ocrx_word' id='word_1_76' title='bbox 1018 1435 1336 1518; x_wconf 81' lang='lat' dir='ltr'><strong>gereret,</strong></span> <span class='ocrx_word' id='word_1_77' title='bbox 1388 1425 1694 1497; x_wconf 85' lang='lat' dir='ltr'><strong>consilio</strong></span> <span class='ocrx_word' id='word_1_78' title='bbox 1725 1420 2025 1518; x_wconf 81' lang='lat' dir='ltr'><strong>adjuvit3</strong></span> <span class='ocrx_word' id='word_1_79' title='bbox 2079 1439 2153 1499; x_wconf 89' lang='lat' dir='ltr'><strong>et</strong></span> <span class='ocrx_word' id='word_1_80' title='bbox 2175 1437 2340 1501; x_wconf 87' lang='lat' dir='ltr'><strong>ante</strong></span> 
     </span>
    </p>
   </div>
   <div class='ocr_carea' id='block_1_3' title="bbox 200 1524 2450 1722">
    <p class='ocr_par' dir='ltr' id='par_1_3' title="bbox 200 1524 2450 1722">
     <span class='ocr_line' id='line_1_12' title="bbox 318 1524 2450 1624; baseline 0 -23"><span class='ocrx_word' id='word_1_81' title='bbox 318 1549 531 1624; x_wconf 83' lang='lat' dir='ltr'><strong>quam</strong></span> <span class='ocrx_word' id='word_1_82' title='bbox 586 1524 1162 1618; x_wconf 83' lang='lat' dir='ltr'><strong>digrederentur,</strong></span> <span class='ocrx_word' id='word_1_83' title='bbox 1212 1548 1371 1598; x_wconf 86' lang='lat' dir='ltr'><strong>eum</strong></span> <span class='ocrx_word' id='word_1_84' title='bbox 1426 1526 1540 1598; x_wconf 89' lang='lat' dir='ltr'><strong>his</strong></span> <span class='ocrx_word' id='word_1_85' title='bbox 1590 1525 1947 1600; x_wconf 87' lang='lat' dir='ltr'><strong>allocutus</strong></span> <span class='ocrx_word' id='word_1_86' title='bbox 1999 1538 2150 1600; x_wconf 85' lang='lat' dir='ltr'><strong>est:</strong></span> <span class='ocrx_word' id='word_1_87' title='bbox 2191 1531 2336 1621; x_wconf 83' lang='lat' dir='ltr'><strong>jam</strong></span> <span class='ocrx_word' id='word_1_88' title='bbox 2443 1580 2450 1585; x_wconf 93' lang='lat'><em>-</em></span> 
     </span>
     <span class='ocr_line' id='line_1_13' title="bbox 200 1626 2340 1722; baseline 0.004 -28"><span class='ocrx_word' id='word_1_89' title='bbox 200 1688 206 1694; x_wconf 84' lang='lat'><strong>.</strong></span> <span class='ocrx_word' id='word_1_90' title='bbox 322 1631 610 1702; x_wconf 83' lang='lat' dir='ltr'><strong>instanti</strong></span> <span class='ocrx_word' id='word_1_91' title='bbox 662 1635 916 1699; x_wconf 78' lang='lat' dir='ltr'><strong>aestate</strong></span> <span class='ocrx_word' id='word_1_92' title='bbox 965 1626 1361 1722; x_wconf 87' lang='lat' dir='ltr'><strong>periculum</strong></span> <span class='ocrx_word' id='word_1_93' title='bbox 1413 1627 1641 1700; x_wconf 88' lang='lat' dir='ltr'><strong>facies</strong></span> <span class='ocrx_word' id='word_1_94' title='bbox 1679 1631 1994 1722; x_wconf 75' lang='lat' dir='ltr'><strong>piraticae</strong></span> <span class='ocrx_word' id='word_1_95' title='bbox 2035 1651 2193 1701; x_wconf 89' lang='lat' dir='ltr'><strong>cum</strong></span> <span class='ocrx_word' id='word_1_96' title='bbox 2226 1628 2340 1703; x_wconf 81' lang='lat' dir='ltr'><strong>his</strong></span> 
     </span>
    </p>
   </div>
   <div class='ocr_carea' id='block_1_4' title="bbox 319 1727 2345 4245">
    <p class='ocr_par' dir='ltr' id='par_1_4' title="bbox 319 1727 2345 4245">
     <span class='ocr_line' id='line_1_14' title="bbox 321 1727 2339 1824; baseline 0.001 -23"><span class='ocrx_word' id='word_1_97' title='bbox 321 1733 580 1824; x_wconf 76' lang='lat' dir='ltr'><strong>copiiS,</strong></span> <span class='ocrx_word' id='word_1_98' title='bbox 628 1749 808 1823; x_wconf 84' lang='lat' dir='ltr'><strong>quas</strong></span> <span class='ocrx_word' id='word_1_99' title='bbox 858 1738 1110 1801; x_wconf 88' lang='lat' dir='ltr'><strong>nactus</strong></span> <span class='ocrx_word' id='word_1_100' title='bbox 1162 1750 1267 1800; x_wconf 90' lang='lat' dir='ltr'><strong>es.</strong></span> <span class='ocrx_word' id='word_1_101' title='bbox 1369 1727 1526 1801; x_wconf 86' lang='lat' dir='ltr'><strong>Sed</strong></span> <span class='ocrx_word' id='word_1_102' title='bbox 1562 1728 1701 1801; x_wconf 88' lang='lat' dir='ltr'><strong>hoc</strong></span> <span class='ocrx_word' id='word_1_103' title='bbox 1744 1728 1872 1801; x_wconf 87' lang='lat' dir='ltr'><strong>tibi</strong></span> <span class='ocrx_word' id='word_1_104' title='bbox 1907 1729 2190 1801; x_wconf 89' lang='lat' dir='ltr'><strong>consilii</strong></span> <span class='ocrx_word' id='word_1_105' title='bbox 2220 1731 2339 1816; x_wconf 79' lang='lat' dir='ltr'><strong>do,</strong></span> 
     </span>
     <span class='ocr_line' id='line_1_15' title="bbox 319 1828 2344 1924; baseline 0.001 -23"><span class='ocrx_word' id='word_1_106' title='bbox 319 1851 419 1902; x_wconf 86' lang='lat' dir='ltr'><strong>ne</strong></span> <span class='ocrx_word' id='word_1_107' title='bbox 469 1832 763 1924; x_wconf 86' lang='lat' dir='ltr'><strong>primum</strong></span> <span class='ocrx_word' id='word_1_108' title='bbox 816 1828 1524 1922; x_wconf 75' lang='lat' dir='ltr'><strong>longiusabscedaS,</strong></span> <span class='ocrx_word' id='word_1_109' title='bbox 1577 1853 1782 1924; x_wconf 82' lang='lat' dir='ltr'><strong>quam</strong></span> <span class='ocrx_word' id='word_1_110' title='bbox 1835 1841 1914 1903; x_wconf 89' lang='lat' dir='ltr'><strong>ut</strong></span> <span class='ocrx_word' id='word_1_111' title='bbox 1940 1833 2344 1923; x_wconf 81' lang='lat' dir='ltr'><strong>provincias</strong></span> 
     </span>
     <span class='ocr_line' id='line_1_16' title="bbox 321 1929 2338 2025; baseline -0 -23"><span class='ocrx_word' id='word_1_112' title='bbox 321 1934 532 2025; x_wconf 86' lang='lat' dir='ltr'><strong>regni</strong></span> <span class='ocrx_word' id='word_1_113' title='bbox 561 1931 814 2002; x_wconf 86' lang='lat' dir='ltr'><strong>Danici</strong></span> <span class='ocrx_word' id='word_1_114' title='bbox 867 1952 908 2001; x_wconf 88' lang='lat' dir='ltr'><strong>a</strong></span> <span class='ocrx_word' id='word_1_115' title='bbox 962 1940 1161 2022; x_wconf 81' lang='lat' dir='ltr'><strong>patre</strong></span> <span class='ocrx_word' id='word_1_116' title='bbox 1214 1941 1339 2003; x_wconf 88' lang='lat' dir='ltr'><strong>tuo</strong></span> <span class='ocrx_word' id='word_1_117' title='bbox 1392 1933 1824 2003; x_wconf 84' lang='lat' dir='ltr'><strong>remotiores</strong></span> <span class='ocrx_word' id='word_1_118' title='bbox 1872 1929 2338 2024; x_wconf 86' lang='lat' dir='ltr'><strong>populationi-</strong></span> 
     </span>
     <span class='ocr_line' id='line_1_17' title="bbox 319 2028 2339 2126; baseline -0.001 -22"><span class='ocrx_word' id='word_1_119' title='bbox 319 2030 461 2104; x_wconf 85' lang='lat' dir='ltr'><strong>bus</strong></span> <span class='ocrx_word' id='word_1_120' title='bbox 526 2030 867 2116; x_wconf 81' lang='lat' dir='ltr'><strong>infestes,</strong></span> <span class='ocrx_word' id='word_1_121' title='bbox 938 2029 1196 2124; x_wconf 82' lang='lat' dir='ltr'><strong>hisque</strong></span> <span class='ocrx_word' id='word_1_122' title='bbox 1265 2039 1594 2126; x_wconf 86' lang='lat' dir='ltr'><strong>quantum</strong></span> <span class='ocrx_word' id='word_1_123' title='bbox 1663 2033 1938 2123; x_wconf 86' lang='lat' dir='ltr'><strong>poteris</strong></span> <span class='ocrx_word' id='word_1_124' title='bbox 2010 2028 2174 2100; x_wconf 79' lang='lat' dir='ltr'><strong>mali</strong></span> <span class='ocrx_word' id='word_1_125' title='bbox 2236 2033 2339 2102; x_wconf 87' lang='lat' dir='ltr'><strong>in·</strong></span> 
     </span>
     <span class='ocr_line' id='line_1_18' title="bbox 321 2130 2342 2223; baseline 0.001 -20"><span class='ocrx_word' id='word_1_126' title='bbox 321 2132 541 2205; x_wconf 80' lang='lat' dir='ltr'><strong>feras.</strong></span> <span class='ocrx_word' id='word_1_127' title='bbox 640 2131 931 2203; x_wconf 84' lang='lat' dir='ltr'><strong>Armata</strong></span> <span class='ocrx_word' id='word_1_128' title='bbox 980 2153 1189 2202; x_wconf 88' lang='lat' dir='ltr'><strong>manu</strong></span> <span class='ocrx_word' id='word_1_129' title='bbox 1240 2151 1603 2223; x_wconf 84' lang='lat' dir='ltr'><strong>grassare,</strong></span> <span class='ocrx_word' id='word_1_130' title='bbox 1654 2130 1852 2203; x_wconf 83' lang='lat' dir='ltr'><strong>ferro</strong></span> <span class='ocrx_word' id='word_1_131' title='bbox 1895 2140 1968 2203; x_wconf 89' lang='lat' dir='ltr'><strong>et</strong></span> <span class='ocrx_word' id='word_1_132' title='bbox 1995 2131 2342 2205; x_wconf 78' lang='lat' dir='ltr'><strong>incendiis</strong></span> 
     </span>
     <span class='ocr_line' id='line_1_19' title="bbox 321 2231 2341 2328; baseline 0.001 -24"><span class='ocrx_word' id='word_1_133' title='bbox 321 2236 581 2319; x_wconf 86' lang='lat' dir='ltr'><strong>omnia,</strong></span> <span class='ocrx_word' id='word_1_134' title='bbox 632 2241 960 2327; x_wconf 84' lang='lat' dir='ltr'><strong>quantum</strong></span> <span class='ocrx_word' id='word_1_135' title='bbox 997 2235 1304 2305; x_wconf 85' lang='lat' dir='ltr'><strong>maxime</strong></span> <span class='ocrx_word' id='word_1_136' title='bbox 1339 2234 1635 2327; x_wconf 84' lang='lat' dir='ltr'><strong>poteris,</strong></span> <span class='ocrx_word' id='word_1_137' title='bbox 1687 2231 2009 2319; x_wconf 87' lang='lat' dir='ltr'><strong>devasta,</strong></span> <span class='ocrx_word' id='word_1_138' title='bbox 2060 2234 2170 2304; x_wconf 89' lang='lat' dir='ltr'><strong>sic</strong></span> <span class='ocrx_word' id='word_1_139' title='bbox 2210 2253 2341 2328; x_wconf 84' lang='lat' dir='ltr'><strong>per</strong></span> 
     </span>
     <span class='ocr_line' id='line_1_20' title="bbox 321 2332 2337 2428; baseline 0 -22"><span class='ocrx_word' id='word_1_140' title='bbox 321 2342 540 2407; x_wconf 86' lang='lat' dir='ltr'><strong>totam</strong></span> <span class='ocrx_word' id='word_1_141' title='bbox 592 2342 911 2406; x_wconf 83' lang='lat' dir='ltr'><strong>aestatem</strong></span> <span class='ocrx_word' id='word_1_142' title='bbox 962 2333 1206 2406; x_wconf 85' lang='lat' dir='ltr'><strong>facere</strong></span> <span class='ocrx_word' id='word_1_143' title='bbox 1262 2355 1520 2428; x_wconf 69' lang='lat' dir='ltr'><strong>perge,</strong></span> <span class='ocrx_word' id='word_1_144' title='bbox 1569 2332 1705 2407; x_wconf 90' lang='lat' dir='ltr'><strong>sub</strong></span> <span class='ocrx_word' id='word_1_145' title='bbox 1757 2333 2059 2405; x_wconf 87' lang='lat' dir='ltr'><strong>hiemem</strong></span> <span class='ocrx_word' id='word_1_146' title='bbox 2102 2333 2194 2405; x_wconf 86' lang='lat' dir='ltr'><strong>ad</strong></span> <span class='ocrx_word' id='word_1_147' title='bbox 2223 2356 2337 2407; x_wconf 88' lang='lat' dir='ltr'><strong>me</strong></span> 
     </span>
     <span class='ocr_line' id='line_1_21' title="bbox 321 2434 2339 2530; baseline 0.001 -25"><span class='ocrx_word' id='word_1_148' title='bbox 321 2444 731 2520; x_wconf 86' lang='lat' dir='ltr'><strong>revertere,</strong></span> <span class='ocrx_word' id='word_1_149' title='bbox 782 2444 858 2506; x_wconf 91' lang='lat' dir='ltr'><strong>ut</strong></span> <span class='ocrx_word' id='word_1_150' title='bbox 907 2434 1023 2506; x_wconf 86' lang='lat' dir='ltr'><strong>hic</strong></span> <span class='ocrx_word' id='word_1_151' title='bbox 1048 2457 1208 2507; x_wconf 85' lang='lat' dir='ltr'><strong>cum</strong></span> <span class='ocrx_word' id='word_1_152' title='bbox 1255 2438 1487 2530; x_wconf 90' lang='lat' dir='ltr'><strong>copiis</strong></span> <span class='ocrx_word' id='word_1_153' title='bbox 1515 2438 1658 2507; x_wconf 89' lang='lat' dir='ltr'><strong>tuis</strong></span> <span class='ocrx_word' id='word_1_154' title='bbox 1691 2434 2004 2528; x_wconf 88' lang='lat' dir='ltr'><strong>hospitio</strong></span> <span class='ocrx_word' id='word_1_155' title='bbox 2035 2443 2111 2506; x_wconf 91' lang='lat' dir='ltr'><strong>et</strong></span> <span class='ocrx_word' id='word_1_156' title='bbox 2142 2448 2339 2508; x_wconf 84' lang='lat' dir='ltr'><strong>certa</strong></span> 
     </span>
     <span class='ocr_line' id='line_1_22' title="bbox 324 2534 2339 2608; baseline 0 -2"><span class='ocrx_word' id='word_1_157' title='bbox 324 2536 694 2607; x_wconf 81' lang='lat' dir='ltr'><strong>mansione</strong></span> <span class='ocrx_word' id='word_1_158' title='bbox 751 2538 990 2607; x_wconf 86' lang='lat' dir='ltr'><strong>utaris.</strong></span> <span class='ocrx_word' id='word_1_159' title='bbox 1090 2534 1224 2607; x_wconf 85' lang='lat' dir='ltr'><strong>His</strong></span> <span class='ocrx_word' id='word_1_160' title='bbox 1278 2536 1486 2608; x_wconf 88' lang='lat' dir='ltr'><strong>dictis</strong></span> <span class='ocrx_word' id='word_1_161' title='bbox 1536 2538 1838 2608; x_wconf 86' lang='lat' dir='ltr'><strong>nutritor</strong></span> <span class='ocrx_word' id='word_1_162' title='bbox 1890 2545 1966 2607; x_wconf 90' lang='lat' dir='ltr'><strong>et</strong></span> <span class='ocrx_word' id='word_1_163' title='bbox 2012 2534 2339 2608; x_wconf 86' lang='lat' dir='ltr'><strong>alumnus</strong></span> 
     </span>
     <span class='ocr_line' id='line_1_23' title="bbox 324 2634 2338 2732; baseline -0.001 -23"><span class='ocrx_word' id='word_1_164' title='bbox 324 2635 839 2729; x_wconf 89' lang='lat' dir='ltr'><strong>digrediuntur.</strong></span> <span class='ocrx_word' id='word_1_165' title='bbox 953 2634 1194 2722; x_wconf 77' lang='lat' dir='ltr'><strong>Sven,</strong></span> <span class='ocrx_word' id='word_1_166' title='bbox 1261 2646 1633 2732; x_wconf 82' lang='lat' dir='ltr'><strong>postquam</strong></span> <span class='ocrx_word' id='word_1_167' title='bbox 1688 2658 1848 2708; x_wconf 90' lang='lat' dir='ltr'><strong>cum</strong></span> <span class='ocrx_word' id='word_1_168' title='bbox 1917 2638 2144 2729; x_wconf 88' lang='lat' dir='ltr'><strong>copiis</strong></span> <span class='ocrx_word' id='word_1_169' title='bbox 2195 2637 2338 2709; x_wconf 87' lang='lat' dir='ltr'><strong>dis·</strong></span> 
     </span>
     <span class='ocr_line' id='line_1_24' title="bbox 320 2734 2333 2828; baseline -0.002 -19"><span class='ocrx_word' id='word_1_170' title='bbox 320 2745 693 2823; x_wconf 85' lang='lat' dir='ltr'><strong>cesserat,</strong></span> <span class='ocrx_word' id='word_1_171' title='bbox 769 2739 998 2810; x_wconf 89' lang='lat' dir='ltr'><strong>omnia</strong></span> <span class='ocrx_word' id='word_1_172' title='bbox 1049 2736 1189 2809; x_wconf 88' lang='lat' dir='ltr'><strong>sibi</strong></span> <span class='ocrx_word' id='word_1_173' title='bbox 1254 2760 1298 2809; x_wconf 89' lang='lat' dir='ltr'><strong>a</strong></span> <span class='ocrx_word' id='word_1_174' title='bbox 1346 2741 1696 2809; x_wconf 87' lang='lat' dir='ltr'><strong>nutritore</strong></span> <span class='ocrx_word' id='word_1_175' title='bbox 1762 2743 2122 2828; x_wconf 80' lang='lat' dir='ltr'><strong>praecepta</strong></span> <span class='ocrx_word' id='word_1_176' title='bbox 2177 2734 2333 2807; x_wconf 82' lang='lat' dir='ltr'><strong>dili-</strong></span> 
     </span>
     <span class='ocr_line' id='line_1_25' title="bbox 322 2833 2341 2931; baseline -0.002 -22"><span class='ocrx_word' id='word_1_177' title='bbox 322 2839 747 2931; x_wconf 86' lang='lat' dir='ltr'><strong>gentissime</strong></span> <span class='ocrx_word' id='word_1_178' title='bbox 801 2847 1193 2911; x_wconf 81' lang='lat' dir='ltr'><strong>exsecutus</strong></span> <span class='ocrx_word' id='word_1_179' title='bbox 1246 2846 1400 2923; x_wconf 90' lang='lat' dir='ltr'><strong>est,</strong></span> <span class='ocrx_word' id='word_1_180' title='bbox 1464 2857 1879 2930; x_wconf 81' lang='lat' dir='ltr'><strong>summaque</strong></span> <span class='ocrx_word' id='word_1_181' title='bbox 1930 2836 2109 2906; x_wconf 88' lang='lat' dir='ltr'><strong>intra</strong></span> <span class='ocrx_word' id='word_1_182' title='bbox 2159 2833 2341 2906; x_wconf 81' lang='lat' dir='ltr'><strong>fines</strong></span> 
     </span>
     <span class='ocr_line' id='line_1_26' title="bbox 323 2934 2339 3033; baseline 0 -23"><span class='ocrx_word' id='word_1_183' title='bbox 323 2941 535 3033; x_wconf 85' lang='lat' dir='ltr'><strong>regni</strong></span> <span class='ocrx_word' id='word_1_184' title='bbox 585 2941 855 3031; x_wconf 87' lang='lat' dir='ltr'><strong>paterni</strong></span> <span class='ocrx_word' id='word_1_185' title='bbox 894 2934 1251 3011; x_wconf 72' lang='lat' dir='ltr'><strong>maleficia</strong></span> <span class='ocrx_word' id='word_1_186' title='bbox 1275 2941 1587 3032; x_wconf 87' lang='lat' dir='ltr'><strong>patravit.</strong></span> <span class='ocrx_word' id='word_1_187' title='bbox 1690 2936 1785 3010; x_wconf 86' lang='lat' dir='ltr'><strong>Et</strong></span> <span class='ocrx_word' id='word_1_188' title='bbox 1815 2959 1975 3010; x_wconf 90' lang='lat' dir='ltr'><strong>cum</strong></span> <span class='ocrx_word' id='word_1_189' title='bbox 2009 2957 2148 3008; x_wconf 93' lang='lat' dir='ltr'><strong>non</strong></span> <span class='ocrx_word' id='word_1_190' title='bbox 2182 2958 2339 3030; x_wconf 83' lang='lat' dir='ltr'><strong>par·</strong></span> 
     </span>
     <span class='ocr_line' id='line_1_27' title="bbox 322 3038 2341 3136; baseline 0 -25"><span class='ocrx_word' id='word_1_191' title='bbox 322 3049 550 3124; x_wconf 89' lang='lat' dir='ltr'><strong>ceret,</strong></span> <span class='ocrx_word' id='word_1_192' title='bbox 605 3042 766 3136; x_wconf 87' lang='lat' dir='ltr'><strong>quin</strong></span> <span class='ocrx_word' id='word_1_193' title='bbox 820 3039 1018 3112; x_wconf 77' lang='lat' dir='ltr'><strong>ferro</strong></span> <span class='ocrx_word' id='word_1_194' title='bbox 1053 3049 1130 3110; x_wconf 89' lang='lat' dir='ltr'><strong>et</strong></span> <span class='ocrx_word' id='word_1_195' title='bbox 1155 3042 1324 3133; x_wconf 86' lang='lat' dir='ltr'><strong>igne</strong></span> <span class='ocrx_word' id='word_1_196' title='bbox 1362 3042 1431 3110; x_wconf 91' lang='lat' dir='ltr'><strong>in</strong></span> <span class='ocrx_word' id='word_1_197' title='bbox 1457 3039 1760 3111; x_wconf 90' lang='lat' dir='ltr'><strong>colonos</strong></span> <span class='ocrx_word' id='word_1_198' title='bbox 1785 3041 2099 3123; x_wconf 80' lang='lat' dir='ltr'><strong>saeviret,</strong></span> <span class='ocrx_word' id='word_1_199' title='bbox 2150 3038 2341 3111; x_wconf 86' lang='lat' dir='ltr'><strong>illius</strong></span> 
     </span>
     <span class='ocr_line' id='line_1_28' title="bbox 322 3139 2337 3235; baseline -0 -23"><span class='ocrx_word' id='word_1_200' title='bbox 322 3139 554 3213; x_wconf 84' lang='lat' dir='ltr'><strong>turbis</strong></span> <span class='ocrx_word' id='word_1_201' title='bbox 608 3150 683 3211; x_wconf 89' lang='lat' dir='ltr'><strong>et</strong></span> <span class='ocrx_word' id='word_1_202' title='bbox 722 3139 1284 3233; x_wconf 84' lang='lat' dir='ltr'><strong>grassationibus</strong></span> <span class='ocrx_word' id='word_1_203' title='bbox 1317 3142 1648 3235; x_wconf 83' lang='lat' dir='ltr'><strong>oppressi</strong></span> <span class='ocrx_word' id='word_1_204' title='bbox 1681 3143 1999 3233; x_wconf 86' lang='lat' dir='ltr'><strong>graviter</strong></span> <span class='ocrx_word' id='word_1_205' title='bbox 2024 3139 2337 3212; x_wconf 83' lang='lat' dir='ltr'><strong>fremere</strong></span> 
     </span>
     <span class='ocr_line' id='line_1_29' title="bbox 323 3240 2340 3335; baseline -0.001 -22"><span class='ocrx_word' id='word_1_206' title='bbox 323 3251 714 3335; x_wconf 82' lang='lat' dir='ltr'><strong>coeperunt.</strong></span> <span class='ocrx_word' id='word_1_207' title='bbox 817 3241 1003 3332; x_wconf 77' lang='lat' dir='ltr'><strong>Quae</strong></span> <span class='ocrx_word' id='word_1_208' title='bbox 1038 3263 1196 3314; x_wconf 88' lang='lat' dir='ltr'><strong>cum</strong></span> <span class='ocrx_word' id='word_1_209' title='bbox 1242 3241 1425 3314; x_wconf 82' lang='lat' dir='ltr'><strong>fama</strong></span> <span class='ocrx_word' id='word_1_210' title='bbox 1458 3242 1663 3314; x_wconf 90' lang='lat' dir='ltr'><strong>brevi</strong></span> <span class='ocrx_word' id='word_1_211' title='bbox 1707 3240 2067 3331; x_wconf 87' lang='lat' dir='ltr'><strong>divulgata</strong></span> <span class='ocrx_word' id='word_1_212' title='bbox 2097 3241 2187 3310; x_wconf 89' lang='lat' dir='ltr'><strong>ad</strong></span> <span class='ocrx_word' id='word_1_213' title='bbox 2216 3263 2340 3311; x_wconf 80' lang='lat' dir='ltr'><strong>au-</strong></span> 
     </span>
     <span class='ocr_line' id='line_1_30' title="bbox 325 3340 2341 3437; baseline -0.001 -24"><span class='ocrx_word' id='word_1_214' title='bbox 325 3362 453 3413; x_wconf 89' lang='lat' dir='ltr'><strong>res</strong></span> <span class='ocrx_word' id='word_1_215' title='bbox 529 3344 730 3433; x_wconf 87' lang='lat' dir='ltr'><strong>regis</strong></span> <span class='ocrx_word' id='word_1_216' title='bbox 801 3346 1335 3437; x_wconf 89' lang='lat' dir='ltr'><strong>pervenissent,</strong></span> <span class='ocrx_word' id='word_1_217' title='bbox 1420 3342 1609 3414; x_wconf 85' lang='lat' dir='ltr'><strong>hunc</strong></span> <span class='ocrx_word' id='word_1_218' title='bbox 1674 3343 2021 3435; x_wconf 82' lang='lat' dir='ltr'><strong>poenitere</strong></span> <span class='ocrx_word' id='word_1_219' title='bbox 2107 3340 2341 3433; x_wconf 64' lang='lat' dir='ltr'><strong>coepit,</strong></span> 
     </span>
     <span class='ocr_line' id='line_1_31' title="bbox 327 3439 2344 3537; baseline -0 -24"><span class='ocrx_word' id='word_1_220' title='bbox 327 3442 521 3537; x_wconf 81' lang='lat' dir='ltr'><strong>quod</strong></span> <span class='ocrx_word' id='word_1_221' title='bbox 586 3441 783 3514; x_wconf 86' lang='lat' dir='ltr'><strong>illum</strong></span> <span class='ocrx_word' id='word_1_222' title='bbox 847 3446 1076 3537; x_wconf 87' lang='lat' dir='ltr'><strong>copiis</strong></span> <span class='ocrx_word' id='word_1_223' title='bbox 1138 3444 1537 3536; x_wconf 75' lang='lat' dir='ltr'><strong>adiuvisset</strong></span> <span class='ocrx_word' id='word_1_224' title='bbox 1601 3443 1689 3513; x_wconf 89' lang='lat' dir='ltr'><strong>ad</strong></span> <span class='ocrx_word' id='word_1_225' title='bbox 1758 3449 1985 3514; x_wconf 89' lang='lat' dir='ltr'><strong>tantas</strong></span> <span class='ocrx_word' id='word_1_226' title='bbox 2049 3439 2344 3512; x_wconf 79' lang='lat' dir='ltr'><strong>ciendos</strong></span> 
     </span>
     <span class='ocr_line' id='line_1_32' title="bbox 327 3541 2340 3636; baseline 0 -23"><span class='ocrx_word' id='word_1_227' title='bbox 327 3542 575 3615; x_wconf 83' lang='lat' dir='ltr'><strong>turbas</strong></span> <span class='ocrx_word' id='word_1_228' title='bbox 628 3553 703 3614; x_wconf 87' lang='lat' dir='ltr'><strong>et</strong></span> <span class='ocrx_word' id='word_1_229' title='bbox 750 3543 1114 3628; x_wconf 77' lang='lat' dir='ltr'><strong>tumultuS,</strong></span> <span class='ocrx_word' id='word_1_230' title='bbox 1168 3554 1241 3613; x_wconf 88' lang='lat' dir='ltr'><strong>et</strong></span> <span class='ocrx_word' id='word_1_231' title='bbox 1290 3544 1716 3635; x_wconf 85' lang='lat' dir='ltr'><strong>significavit</strong></span> <span class='ocrx_word' id='word_1_232' title='bbox 1764 3551 2014 3636; x_wconf 86' lang='lat' dir='ltr'><strong>putare</strong></span> <span class='ocrx_word' id='word_1_233' title='bbox 2064 3563 2185 3628; x_wconf 88' lang='lat' dir='ltr'><strong>se,</strong></span> <span class='ocrx_word' id='word_1_234' title='bbox 2251 3541 2340 3613; x_wconf 88' lang='lat' dir='ltr'><strong>ad</strong></span> 
     </span>
     <span class='ocr_line' id='line_1_33' title="bbox 324 3642 2337 3738; baseline 0.001 -25"><span class='ocrx_word' id='word_1_235' title='bbox 324 3642 486 3716; x_wconf 87' lang='lat' dir='ltr'><strong>baec</strong></span> <span class='ocrx_word' id='word_1_236' title='bbox 536 3665 698 3738; x_wconf 78' lang='lat' dir='ltr'><strong>quae</strong></span> <span class='ocrx_word' id='word_1_237' title='bbox 747 3666 973 3738; x_wconf 87' lang='lat' dir='ltr'><strong>agere</strong></span> <span class='ocrx_word' id='word_1_238' title='bbox 1003 3644 1420 3737; x_wconf 81' lang='lat' dir='ltr'><strong>occepisset</strong></span> <span class='ocrx_word' id='word_1_239' title='bbox 1450 3643 1760 3716; x_wconf 87' lang='lat' dir='ltr'><strong>inaudita</strong></span> <span class='ocrx_word' id='word_1_240' title='bbox 1815 3642 2128 3715; x_wconf 84' lang='lat' dir='ltr'><strong>facinora</strong></span> <span class='ocrx_word' id='word_1_241' title='bbox 2178 3664 2337 3715; x_wconf 85' lang='lat' dir='ltr'><strong>eum</strong></span> 
     </span>
     <span class='ocr_line' id='line_1_34' title="bbox 325 3739 2339 3841; baseline -0.003 -25"><span class='ocrx_word' id='word_1_242' title='bbox 325 3748 754 3837; x_wconf 86' lang='lat' dir='ltr'><strong>contagione</strong></span> <span class='ocrx_word' id='word_1_243' title='bbox 822 3747 1121 3841; x_wconf 83' lang='lat' dir='ltr'><strong>quadam</strong></span> <span class='ocrx_word' id='word_1_244' title='bbox 1187 3747 1480 3814; x_wconf 88' lang='lat' dir='ltr'><strong>materni</strong></span> <span class='ocrx_word' id='word_1_245' title='bbox 1550 3747 1844 3837; x_wconf 87' lang='lat' dir='ltr'><strong>generis</strong></span> <span class='ocrx_word' id='word_1_246' title='bbox 1911 3741 2112 3816; x_wconf 85' lang='lat' dir='ltr'><strong>trabi.</strong></span> <span class='ocrx_word' id='word_1_247' title='bbox 2228 3739 2339 3810; x_wconf 89' lang='lat' dir='ltr'><strong>ln-</strong></span> 
     </span>
     <span class='ocr_line' id='line_1_35' title="bbox 325 3839 2342 3939; baseline -0.003 -23"><span class='ocrx_word' id='word_1_248' title='bbox 325 3855 531 3919; x_wconf 86' lang='lat' dir='ltr'><strong>terea</strong></span> <span class='ocrx_word' id='word_1_249' title='bbox 604 3844 864 3919; x_wconf 86' lang='lat' dir='ltr'><strong>labitur</strong></span> <span class='ocrx_word' id='word_1_250' title='bbox 926 3853 1178 3932; x_wconf 82' lang='lat' dir='ltr'><strong>aestas,</strong></span> <span class='ocrx_word' id='word_1_251' title='bbox 1248 3853 1774 3939; x_wconf 86' lang='lat' dir='ltr'><strong>appetenteque</strong></span> <span class='ocrx_word' id='word_1_252' title='bbox 1840 3843 2079 3914; x_wconf 84' lang='lat' dir='ltr'><strong>bieme</strong></span> <span class='ocrx_word' id='word_1_253' title='bbox 2142 3839 2342 3912; x_wconf 88' lang='lat' dir='ltr'><strong>Sven</strong></span> 
     </span>
     <span class='ocr_line' id='line_1_36' title="bbox 329 3942 2340 4040; baseline -0.002 -22"><span class='ocrx_word' id='word_1_254' title='bbox 329 3946 614 4021; x_wconf 87' lang='lat' dir='ltr'><strong>domum</strong></span> <span class='ocrx_word' id='word_1_255' title='bbox 663 3949 1091 4034; x_wconf 86' lang='lat' dir='ltr'><strong>revertitur,</strong></span> <span class='ocrx_word' id='word_1_256' title='bbox 1152 3949 1223 4018; x_wconf 88' lang='lat' dir='ltr'><strong>in</strong></span> <span class='ocrx_word' id='word_1_257' title='bbox 1273 3942 1735 4040; x_wconf 83' lang='lat' dir='ltr'><strong>Fioniamque</strong></span> <span class='ocrx_word' id='word_1_258' title='bbox 1786 3943 1877 4014; x_wconf 89' lang='lat' dir='ltr'><strong>ad</strong></span> <span class='ocrx_word' id='word_1_259' title='bbox 1929 3942 2340 4019; x_wconf 83' lang='lat' dir='ltr'><strong>nutritorem</strong></span> 
     </span>
     <span class='ocr_line' id='line_1_37' title="bbox 324 4040 2344 4142; baseline -0.001 -25"><span class='ocrx_word' id='word_1_260' title='bbox 324 4043 820 4121; x_wconf 87' lang='lat' dir='ltr'><strong>Paluatokium</strong></span> <span class='ocrx_word' id='word_1_261' title='bbox 879 4050 1238 4142; x_wconf 85' lang='lat' dir='ltr'><strong>pervenit,</strong></span> <span class='ocrx_word' id='word_1_262' title='bbox 1303 4067 1556 4139; x_wconf 88' lang='lat' dir='ltr'><strong>magna</strong></span> <span class='ocrx_word' id='word_1_263' title='bbox 1605 4044 1848 4140; x_wconf 84' lang='lat' dir='ltr'><strong>praeda</strong></span> <span class='ocrx_word' id='word_1_264' title='bbox 1910 4040 2045 4114; x_wconf 86' lang='lat' dir='ltr'><strong>hac</strong></span> <span class='ocrx_word' id='word_1_265' title='bbox 2094 4048 2344 4122; x_wconf 72' lang='lat' dir='ltr'><strong>aestate</strong></span> 
     </span>
     <span class='ocr_line' id='line_1_38' title="bbox 329 4143 2345 4245; baseline -0.001 -26"><span class='ocrx_word' id='word_1_266' title='bbox 329 4147 611 4223; x_wconf 78' lang='lat' dir='ltr'><strong>ditams.</strong></span> <span class='ocrx_word' id='word_1_267' title='bbox 725 4148 920 4222; x_wconf 88' lang='lat' dir='ltr'><strong>Ante</strong></span> <span class='ocrx_word' id='word_1_268' title='bbox 973 4168 1151 4222; x_wconf 90' lang='lat' dir='ltr'><strong>vero</strong></span> <span class='ocrx_word' id='word_1_269' title='bbox 1202 4171 1406 4245; x_wconf 85' lang='lat' dir='ltr'><strong>quam</strong></span> <span class='ocrx_word' id='word_1_270' title='bbox 1474 4149 1980 4243; x_wconf 86' lang='lat' dir='ltr'><strong>pervenissent</strong></span> <span class='ocrx_word' id='word_1_271' title='bbox 2041 4143 2345 4230; x_wconf 86' lang='lat' dir='ltr'><strong>domum,</strong></span> 
     </span>
    </p>
   </div>
   <div class='ocr_carea' id='block_1_5' title="bbox 332 4246 1928 4335">
    <p class='ocr_par' dir='ltr' id='par_1_5' title="bbox 332 4246 1928 4335">
     <span class='ocr_line' id='line_1_39' title="bbox 332 4246 1928 4335; baseline -0.012 0"><span class='ocrx_word' id='word_1_272' title='bbox 332 4328 339 4335; x_wconf 86' lang='grc'><strong><em>,</em></strong></span> <span class='ocrx_word' id='word_1_273' title='bbox 425 4277 544 4332; x_wconf 75' lang='lat' dir='ltr'><strong>vot.</strong></span> <span class='ocrx_word' id='word_1_274' title='bbox 581 4278 673 4330; x_wconf 86' lang='lat' dir='ltr'><strong>x1.</strong></span> <span class='ocrx_word' id='word_1_275' title='bbox 1190 4320 1197 4323; x_wconf 83' lang='grc'><strong><em>,</em></strong></span> <span class='ocrx_word' id='word_1_276' title='bbox 1858 4246 1928 4316; x_wconf 87' lang='lat' dir='ltr'>D</span> 
     </span>
    </p>
   </div>
  </div>
 </body>
</html>
