2950 4684
353 372 427 435 ο,
451 369 757 436 -100-102.
890 359 1263 422 msrmzm
1314 372 1837 421 KNUTIDARUM.
2189 339 2369 430 813

346 566 484 629 set.
592 554 827 648 Quum
896 577 1077 628 vero
1143 577 1281 627 rex
1328 552 1623 627 Eirilms
1683 564 2045 651 sceptrum
2111 552 2367 625 Daniae

350 678 584 751 nuper
645 658 1188 751 capessivisset,
1262 657 1566 728 necdum
1631 656 2041 728 fidelitatem
2112 658 2366 728 civium

348 761 527 829 satis
578 767 927 852 expertus
980 765 1235 844 esset,
1280 780 1521 851 parum
1586 757 1822 829 auxilii
1875 780 1962 829 se
2014 760 2173 849 regi
2224 755 2366 826 Ha-

338 857 556 929 ·raldo
609 880 745 929 suo
800 878 897 928 ex
950 880 1180 950 regno
1219 860 1681 952 suppeditare
1724 856 2364 953 posse'intellexit3

349 969 585 1031 tamen
638 957 1172 1031 eiHalla'ndiam
1227 959 1625 1030 obeundam
1679 963 2063 1045 concessit,
2117 968 2192 1029 et
2239 955 2366 1027 ali-.-

348 1069 676 1155 quautum
749 1059 1035 1131 militum
1112 1062 1535 1154 naviumque
1615 1061 1830 1131 dedit.
1947 1057 2082 1130 ‘Sic
2144 1079 2368 1150 reges

350 1164 576 1232 amice
631 1161 969 1251 digressi,
1016 1162 1423 1245 amicitiam,
1479 1162 1711 1254 quoad
1767 1163 2371 1245 vixerunt,-inter

348 1283 438 1332 se
493 1260 890 1332 coluerunt.
967 1261 1143 1332 Inde
1172 1260 1529 1332 Haraldus
1564 1268 1731 1332 cum‘
1759 1256 2044 1332 auxiliis
2093 1281 2367 1352 arege

350 1361 600 1432 Eiriko
675 1362 856 1432 datis
927 1363 1184 1432 eodem
1255 1372 1587 1433 autumno
1627 1366 1710 1431 in
1760 1362 2196 1453 Norvegiam
2249 1381 2365 1431 rer

348 1483 616 1543 ,versus
666 1466 998 1556 sequenti
1050 1463 1287 1534 hieme
1340 1471 1554 1534 totam
1589 1461 2027 1554 Norvegiam
2097 1464 2170 1531 in
2236 1482 2366 1553 po·-

345 1571 685 1633 testatem
754 1584 953 1633 suam
1024 1565 1365 1656 redegit,
1413 1584 1595 1656 rege
1648 1564 1921 1655 Magno
1994 1560 2369 1639 luminibus

353 1663 603 1734 orbato
674 1672 748 1735 et
811 1668 883 1733 in
952 1668 1456 1741 monasterium
1522 1664 1839 1751 incluso,
1911 1663 2367 1758 quemadmo-

205 1794 208 1796 ’
316 1764 515 1835 dum
568 1767 641 1834 in
690 1767 857 1836 vitis
925 1787 1175 1860 regum
1227 1765 1806 1857 Norvegicorum
1857 1783 2366 1837 commemora-'-

351 1876 493 1935 tum
548 1876 682 1937 est.
973 1923 979 1929 .

713 1963 1115 2060 Expeditio
1166 1965 1431 2038 bellica
1475 1969 1682 2060 reqis
1731 1962 2000 2035 Eiriki.

553 2065 723 2135 101.
840 2067 1130 2137 Eirikus
1207 2067 1584 2152 Emunius,
1668 2075 1744 2137 ut
1830 2087 1917 2135 se
1997 2066 2364 2154 imperium

349 2174 553 2237 certo
604 2166 832 2258 gradu
884 2177 1136 2238 tenere
1188 2168 1519 2253 credidit,
1574 2166 1900 2236 omnihus
1949 2165 2206 2234 Daniae
2260 2167 2363 2234 in·

346 2266 533 2337 colis
588 2268 836 2338 durum
889 2289 1064 2339 sese
1119 2277 1193 2340 et
1240 2290 1570 2362 asperum
1598 2266 1914 2362 praebuit.
1982 2264 2365 2336 Haraldum

348 2366 663 2453 Kesiam,
715 2366 1001 2440 fratrem
1049 2391 1277 2456 suum,
1328 2370 1657 2464 duosque
1712 2367 1900 2439 filios
1953 2371 2136 2460 ejuS,
2186 2364 2365 2437 mul·

350 2480 468 2539 tos
519 2478 867 2563 praeterea
920 2473 1188 2543 amicos
1253 2475 1450 2564 regis
1500 2469 1780 2542 Nicolai
1829 2468 2365 2548 interficiendos

350 2572 641 2642 curavit.
743 2570 902 2642 Una
968 2570 1204 2642 hieme
1277 2582 1439 2665 post
1510 2593 1760 2643 necem
1831 2573 2029 2662 regis
2081 2567 2365 2643 Nicolal

346 2668 702 2741 Haraldus
734 2670 961 2743 Kesia
1013 2671 1433 2743 interfectus
1487 2682 1619 2743 est.
1725 2671 1895 2742 lude
1949 2693 2085 2741 una
2127 2668 2363 2739 hieme

353 2769 600 2863 elapsa
650 2793 784 2840 rex
835 2773 1146 2859 EirikuS‚
1201 2776 1524 2848 exercitu
1576 2777 1647 2843 in
1675 2771 2167 2845 Vindlandiam
2222 2779 2362 2843 tra-

293 2880 311 2889 *
350 2874 580 2962 jecto,
633 2871 847 2944 multa
898 2884 1113 2945 terrae
1169 2874 1327 2945 loca
1379 2877 1591 2944 armis
1646 2873 2039 2958 infestavit,
2110 2881 2185 2940 et
2236 2870 2363 2963 poss-

349 2971 785 3064 pulationem
818 2975 1247 3046 effusissime
1298 2976 1491 3046 fecit.
1575 2973 1952 3068 Oppidum,
2006 2974 2360 3048 Arcenam

354 3071 653 3158 dictum,
710 3074 1175 3167 expugnauit,
1246 3081 1452 3170 quus
1506 3078 1744 3171 oppidi
1783 3074 2055 3145 ‘incolae
2108 3075 2362 3171 pagani

353 3182 573 3242 erant.
690 3171 866 3244 Inde
943 3198 1075 3246 rex
1143 3178 1428 3248 Eirikus
1497 3182 1593 3248 ita
1673 3178 2043 3262 discessit,
2121 3185 2362 3250 utex

352 3274 646 3366 paganis
724 3279 842 3369 qui
922 3299 1061 3347 non
1164 3289 1410 3349 essent
1498 3280 1856 3350 interfecti
1938 3275 2359 3369 religionem

344 3372 792 3446 christianam
845 3388 1054 3450 antea
1106 3378 1428 3471 annplexi
1471 3390 1754 3464 essent,
1809 3395 2204 3469 omnesque
2233 3396 2359 3473 op-

351 3475 584 3569 pidani
652 3476 745 3549 ad
800 3477 1388 3549 christianismum
1459 3479 1545 3549 ab
1617 3500 1796 3570 rege
1850 3477 2186 3547 conversi
2243 3495 2359 3546 es·
2441 3511 2451 3521 ,

328 3573 528 3648 sent.
648 3576 818 3668 Quo
884 3578 1073 3648 sacto
1142 3580 1214 3647 in
1273 3578 1573 3650 Daniam
1649 3580 1879 3649 rediit.
1995 3576 2360 3670 Digresso

345 3685 582 3748 autem
656 3700 832 3771 rege
915 3678 1335 3770 religionem
1408 3678 1874 3750 christianam·
1929 3682 2361 3771 rejecerunt,

347 3786 424 3848 et
476 3785 729 3871 postea
792 3780 1141 3853 sacrificia
1209 3789 1284 3851 et
1348 3779 1695 3852 ethnicam
1759 3779 2184 3874 religionem
2237 3800 2359 3849 co·-

332 3877 653 3953 luerunt.
1462 3936 1469 3942 ,

1015 3981 1140 4054 De
1187 4002 1364 4078 φερε
1411 3981 1699 4054 Eirilco.

555 4079 721 4151 102.
824 4082 1174 4176 Magnus,
1225 4086 1341 4178 qui
1393 4082 1817 4156 exoculatus
1868 4081 2130 4167 fuerat,
2193 4088 2361 4174 post

338 4176 601 4251 'necem
633 4179 920 4254 Haral'di
952 4182 1148 4256 Gillii
1182 4207 1223 4256 e
1252 4179 1685 4259 monasterio
1716 4185 1984 4275 effugit,
2040 4186 2126 4256 et'
2164 4189 2355 4279 post-
