2950 4684
836 615 1573 708 PARTIGULA
1629 617 2343 709 HISTolucA

1531 785 1620 833 DE

980 888 1400 966 HAKONE
1449 891 1825 965 HAREKI
1874 889 2157 966 FILIO.

752 1125 817 1195 l.
907 1089 1006 1196 In
1074 1122 1297 1205 Vitta,
1378 1120 1708 1193 orientali
1773 1131 1976 1215 parte
2044 1124 2318 1216 imperii
2380 1125 2592 1212 regis

569 1224 998 1317 Norvegici,
1065 1232 1324 1316 potens
1375 1223 1652 1316 quidam
1707 1222 2042 1308 colonuS,
2105 1225 2390 1293 nomine
2443 1221 2588 1293 Ha-

570 1325 816 1410 rekuS,
868 1326 1225 1410 habitavit,
1278 1332 1412 1394 tam
1465 1322 1768 1394 affluens
1823 1323 2117 1409 divitiis,
2168 1333 2268 1408 ut,
2324 1333 2592 1416 praeter

568 1425 805 1499 villam
862 1427 1276 1522 primariam,
1328 1444 1535 1517 quam
1591 1426 1749 1516 ipse
1774 1423 2156 1509 incolebat,
2205 1424 2587 1495 duodecim

568 1527 835 1621 praedia
888 1525 1316 1623 possideret.
1417 1521 1711 1595 Tantam
1766 1537 2228 1595 mercaturam
2284 1527 2453 1594 mari
2481 1523 2588 1594 fa-

568 1626 839 1713 ciebat,
926 1638 1005 1700 ut
1055 1629 1214 1717 ejus
1278 1645 1503 1695 naves
1552 1627 1622 1694 in
1677 1647 1928 1696 omnes
1978 1628 2320 1718 regiones
2373 1628 2590 1696 maris

567 1724 849 1813 Balnea,
898 1732 967 1798 in
1022 1727 1497 1810 Germaniam,
1548 1722 1946 1797 Flandriam
2004 1724 2423 1817 etAngliam
2460 1747 2585 1795 ne·

569 1829 884 1920 gotiandi
938 1849 1195 1900 caussa
1245 1838 1745 1897 commearent.
1852 1826 2113 1921 Neque
2169 1829 2391 1897 minor
2429 1837 2589 1897 erat

570 1949 808 2001 rerum
862 1932 1333 2023 pretiosarum
1390 1936 1463 1998 et
1514 1930 1836 2020 pecuniae
1865 1938 2252 1999 numeratae
2289 1926 2584 1998 affluen-

570 2032 682 2102 tia.
786 2030 1186 2123 Quotannis
1256 2030 1388 2100 tria
1454 2027 2032 2121 splendidissima
2084 2030 2407 2099 convivia
2462 2049 2584 2100 ce-

571 2130 912 2219 lebravit,
986 2132 1180 2202 festo
1226 2127 1519 2222 Jolensi,
1601 2129 1830 2201 media
1887 2129 2158 2216 hieme,
2217 2128 2408 2200 sesto
2460 2150 2582 2222 pa·

570 2230 816 2302 schali.
920 2230 1068 2303 Sua
1120 2228 1545 2301 liberalitate
1600 2239 1852 2302 tantam
1907 2229 2043 2301 sibi
2099 2232 2390 2323 gratiam
2412 2250 2582 2300 con·

569 2330 863 2417 ciliarat,
911 2341 987 2402 ut
1036 2329 1125 2401 ab
1156 2328 1481 2407 omnibus
1511 2333 1714 2422 pagis
1749 2330 2293 2402 collaudaretur.
2345 2329 2580 2402 Unum

469 2498 480 2505 ,
567 2430 813 2505 habuit
861 2430 1117 2517 filium,
1196 2432 1477 2500 nomine
1528 2430 1933 2518 Hakonem,
2009 2431 2218 2503 bonae
2281 2435 2442 2526 spei
2504 2441 2586 2503 et

568 2531 831 2604 indolis
900 2531 1459 2603 adolescentem.
1615 2530 1904 2626 Interea·
1968 2535 2581 2626 appropinquante

568 2644 933 2727 tempore,
1014 2655 1155 2728 quo
1225 2631 1478 2702 Hakon
1549 2631 1852 2705 colonus
1904 2634 1989 2704 ad
2049 2637 2353 2727 majores
2405 2654 2585 2704 suos

568 2735 644 2827 (e
697 2736 865 2829 vita)
920 2734 1336 2819 decederet,
1389 2737 1599 2804 unico
1653 2733 1796 2806 filio
1851 2756 2129 2804 omnem
2185 2734 2580 2805 divitiarum

568 2835 997 2908 affluentiam
1068 2839 1379 2905 moriens
1443 2833 1749 2929 reliquit.
1879 2825 2257 2929 Quumque
2325 2832 2582 2907 Hakon

567 2935 1036 3009 hereditatem
1089 2936 1422 3020 adiisset,
1477 2933 1919 3007 hortantibus
1970 2938 2330 3028 cognatiS,
2397 2957 2580 3007 uxo-

567 3057 719 3106 rem
775 3036 1004 3121 ducit,
1089 3036 1560 3128 eximiamque
1614 3036 2093 3107 conditionem
2163 3034 2394 3130 amplo
2448 3058 2578 3127 ge-

568 3156 745 3205 nere
801 3145 1022 3205 ortam
1077 3138 1558 3228 consequitur.
1661 3134 1985 3227 Quorum
2052 3140 2311 3231 nuptiis
2381 3136 2580 3207 cele-

568 3234 828 3322 bratiS,
908 3233 1434 3307 materfamilias
1487 3234 1690 3307 brevi
1743 3239 2272 3323 animadvertit,
2351 3241 2581 3309 mariti

565 3339 907 3409 rationem
962 3357 1340 3431 puerorum
1397 3357 1571 3407 esse
1623 3336 1833 3408 valde
1898 3337 2373 3426 consimilem3
2457 3360 2577 3409 ea·
2615 3415 2633 3437 Ι

570 3438 733 3508 dem
791 3441 1016 3525 enim,
1107 3459 1243 3534 qua
1293 3446 1535 3530 pater,
1616 3438 2124 3529 magnificentia
2175 3442 2277 3510 uti
2330 3438 2579 3525 voluit,

570 3541 710 3623 etsi
764 3559 920 3609 eum
978 3560 1214 3611 rerum
1268 3538 1727 3630 parandarum
1779 3545 2164 3612 strenuitas
2218 3550 2292 3612 et
2342 3537 2577 3611 soler-

568 3641 661 3710 tia
728 3638 1108 3711 deficeret:
1190 3662 1342 3710 nam
1404 3636 1657 3710 Hakon
1724 3644 1948 3734 magis
1998 3641 2269 3712 ludicra
2326 3650 2399 3711 et
2450 3662 2578 3711 vo·

567 3737 918 3832 luptates,
999 3741 1427 3833 quotidianis
1460 3829 1463 3833 .
1496 3739 1730 3833 epulis
1800 3752 1873 3813 et
1940 3740 2578 3834 compotationibus

566 3841 959 3932 agitandis,
1010 3839 1454 3925 sectabatur,
1522 3861 1725 3934 quam
1779 3843 2231 3936 acquirendae
2284 3862 2577 3913 servan-

569 3941 823 4037 daeque
875 3942 1198 4035 pecuniae
1251 3942 1768 4012 dexteritatem.
1868 3941 2092 4034 lgitur
2155 3940 2577 4013 materfami-

569 4038 735 4126 lias,
816 4065 973 4135 quae
1040 4051 1245 4112 esset
1296 4049 1371 4111 et
1419 4050 1631 4113 aetate
1683 4050 1951 4114 matura
2004 4053 2075 4115 et
2124 4045 2196 4113 in
2245 4064 2327 4113 re
2381 4042 2576 4114 fami-

568 4138 721 4209 liari
779 4141 1111 4234 diligenS,
1163 4141 1529 4236 colloquio
1583 4164 1744 4213 eum
1794 4145 2048 4218 adiens
2077 4147 2353 4240 quaerit,
2406 4143 2575 4237 quid
