2950 4684
335 325 417 389 c.
440 323 546 389 37.
869 326 965 375 nn
1006 328 1320 376 nnn-ts
1359 326 1843 375 :eumene-
2242 300 2367 389 ω

338 520 711 605 numque
763 511 859 580 ita
907 510 1389 596 instituerent,
1456 519 1538 584 ut
1587 531 1800 605 quam
1862 507 2362 604 splendidissi-

341 634 529 684 mum
581 617 819 694 esset,
886 607 1151 705 talique
1215 611 1571 703 principe,
1635 608 1871 703 qualis
1941 621 2097 683 erat
2157 623 2363 706 pater

341 733 616 796 eorunu
663 709 967 803 dynasta
996 708 1568 797 Strutbaraldus,
1605 710 2118 803 dignissimum.
2188 710 2361 784 Fra·

338 823 499 885 tres
548 812 889 885 vicissim
916 811 1006 882 nd
1060 832 1312 903 regem
1362 814 1734 897 miserunt,
1784 832 1960 883 sese
1991 821 2363 898 venturos,

338 922 678 1033 petentes
728 933 773 983 a
824 932 1030 1004 rege,
1081 926 1160 982 ut
1207 914 1463 997 omnia,
1517 934 1678 1006 quae
1731 933 1916 1004 opus
1966 923 2219 984 essent
2269 913 2361 984 ad

341 1015 771 1099 convivium,
800 1012 1109 1105 paranda
1132 1021 1455 1099 curaret3
1509 1015 1828 1104 seipsos
1857 1022 2160 1084 sumtum
2191 1034 2363 1107 sup-

343 1114 828 1207 peditaturos,
903 1111 1030 1184 ille
1091 1116 1325 1186 onmia
1389 1114 1805 1184 necessaria
1870 1134 1965 1184 ex
2042 1111 2254 1185 bonis
2321 1136 2364 1186 a

343 1211 843 1286 Strutbaraldo
897 1212 1173 1285 relictis
1219 1221 1559 1285 sumeret.
1687 1211 1824 1284 Hic
1861 1211 2184 1306 plurimis
2235 1213 2364 1285 ho·

342 1313 647 1386 minibus
696 1316 930 1386 minus
979 1324 1202 1386 tutum
1253 1315 1521 1400 videri,
1600 1334 1692 1384 eo
1746 1312 2134 1406 proficisci,
2201 1337 2361 1386 cum

339 1417 902 1508 suspicarentur,
954 1417 1346 1502 amicitiam,
1396 1435 1560 1508 quoe
1612 1416 1799 1485 iuter
1848 1434 2099 1506 regem
2149 1413 2361 1486 Svei-

341 1534 507 1585 nem
560 1512 1142 1609 Sigvaldiumque
1196 1524 1272 1586 et
1321 1525 1616 1586 ceteros
1667 1517 1932 1608 piratas
1967 1512 2362 1587 Jomeuses

341 1615 859 1701 intercedebat,
927 1620 1267 1709 majorem
1321 1618 1390 1685 in
1447 1617 1730 1687 modum
1784 1613 2137 1702 laborare,
2190 1637 2361 1686 con-

334 1718 686 1807 jecturam
739 1716 1087 1787 facientes
1130 1737 1224 1786 ex
1254 1715 1477 1788 rebus
1506 1726 1715 1788 antea
1755 1718 1942 1786 inter
1971 1735 2104 1787 eos
2145 1719 2361 1787 iuter-

341 1815 793 1902 cedentibus,
843 1838 1234 1912 quanquam
1285 1825 1433 1888 tum
1483 1819 1827 1910 temporis
1879 1819 2162 1910 utrique
2212 1839 2399 1887 mu·-

343 1926 464 1989 tua
515 1913 750 1988 officia
810 1917 899 1988 ad
955 1919 1277 2009 speciem
1343 1916 1833 1989 observarent.
1953 1915 2128 1987 Cum
2183 1937 2363 1987 vero

344 2014 763 2110 Sigvaldius
827 2027 901 2089 et
968 2014 1290 2088 Thorkel
1339 2015 1714 2088 Procerus
1772 2014 1946 2086 nibil
2010 2018 2210 2109 prius
2259 2015 2362 2089 fa·-

342 2117 672 2190 ciendum
721 2127 1073 2211 putarent,
1126 2139 1332 2211 quam
1401 2125 1483 2188 ut
1532 2116 2196 2210 proficiscerentur,
2262 2118 2364 2188 uti

341 2216 639 2311 polliciti
689 2217 1029 2304 fuissent,
1083 2222 1308 2290 ceteri
1372 2221 1614 2313 piratae
1673 2216 2066 2290 Jomenses
2131 2237 2361 2290 rema-

342 2340 521 2390 nere
572 2318 932 2407 nolebant,
996 2341 1389 2415 omnesque
1440 2317 1886 2411 Sigvaldium
1933 2340 2021 2390 ac
2069 2317 2361 2392 fratrem

345 2422 664 2491 comitari
717 2421 806 2492 ad
860 2423 1254 2493 convivium
1309 2420 1706 2516 cupiebant.
1811 2419 2133 2513 Cumque
2183 2429 2361 2492 tem-

345 2542 483 2614 pus
531 2521 852 2606 adesset,
908 2542 1001 2591 ex
1048 2542 1219 2593 arce
1242 2521 1574 2593 Jomeusi
1627 2519 2174 2613 proficiscuntur
2218 2542 2362 2592 ma-

347 2642 492 2714 gno
545 2644 703 2693 curn
757 2642 1054 2693 numero
1107 2619 1431 2708 militum,
1503 2641 1726 2693 naves
1793 2631 2075 2694 centum
2143 2643 2361 2693 nona·

346 2721 569 2814 gintal
627 2723 997 2794 ducentes·
1099 2721 1218 2795 lre
1270 2731 1620 2817 pergunt,
1694 2720 1933 2791 donec
1981 2724 2054 2791 in
2104 2718 2362 2791 Selan·

348 2823 565 2908 diam,
632 2826 751 2894 cui
816 2821 1174 2894 Haraldus
1238 2824 1539 2915 dynasta
1609 2823 2041 2914 praepositus
2106 2820 2363 2907 fuerat,

346 2926 789 3016 perveniunt.
907 2921 1193 2996 Praesto
1246 2933 1402 2995 erat
1428 2944 1564 2992 rex
1591 2919 1842 3007 Svein,
1909 2924 2028 3016 qui
2071 2943 2165 2995 eo
2197 2920 2363 2995 loco

347 3021 605 3117 epulas
652 3022 1020 3095 funebres.
1048 3025 1489 3118 apparandus
1540 3031 1843 3109 curarat,
1893 3038 1972 3096 ut
2013 3027 2201 3096 omni
2238 3046 2361 3117 ap·

346 3134 591 3217 paratu
621 3126 1182 3197 instructissimae
1221 3140 1487 3198 essent.
1594 3124 2144 3198 Accidere-hmo
2173 3129 2364 3199 cirea

343 3228 609 3297 initium
640 3223 913 3297 hiemis.
1012 3226 1434 3299 Advenerat
1470 3230 1769 3297 maxima
1800 3224 2155 3299 bominum
2185 3224 2362 3298 mul-

343 3326 602 3414 titudo;
658 3325 1122 3398 lautissimum
1168 3332 1474 3423 agitatur
1513 3329 1936 3411 convivium,
1984 3330 2189 3419 cujus
2219 3329 2361 3421 pri-

345 3449 460 3498 mo
490 3447 802 3520 vespere
831 3430 1076 3521 piratae
1108 3428 1508 3501 Jomcnses
1545 3427 2076 3500 immoderatius
2116 3427 2366 3499 bibunt

345 3540 422 3601 et
467 3536 642 3621 potu
691 3529 1166 3600 vehementer
1213 3529 1674 3601 inebriantur.
1776 3524 1993 3619 Quod
2045 3551 2203 3602 cum
2234 3528 2362 3602 ali-

346 3628 676 3721 quamdiu
727 3632 1118 3715 teuuisset,
1192 3650 1327 3700 rex
1382 3628 1611 3702 Svein
1676 3631 1977 3700 animum
2028 3630 2363 3715 advertit,

344 3749 480 3799 eos
508 3750 715 3822 paene
747 3751 1000 3802 omnes
1028 3750 1249 3801 mero
1265 3729 1598 3823 sepultos
1627 3750 1824 3816 esse,
1878 3732 1969 3801 ita
2005 3740 2085 3802 ut
2118 3729 2361 3801 adme-

346 3828 515 3901 dum
567 3826 919 3924 loquaces
972 3840 1225 3904 essent
1273 3852 1360 3903 ac
1430 3829 1676 3902 laetitia
1722 3833 2076 3922 gessuent
2125 3850 2362 3923 neque

341 3929 563 4004 multa
628 3929 826 4051 loqui
896 3931 1331 4020 dubitarent,
1416 3952 1579 4025 quae
1641 3927 1824 4002 alias
1863 3928 2074 4000 band
2142 3928 2358 4000 dubie

344 4024 687 4103 omissuri
757 4032 1084 4106 fuissent.
1229 4031 1399 4126 Quo
1462 4033 1766 4103 animum
1830 4029 2150 4102 adverso
2227 4050 2364 4102 rex

417 4162 526 4229 ¹)·
545 4164 1371 4227 e3iFlteroebl.inAobsc
1373 4169 1677 4231 urion-eno
1679 4161 2028 4243 eotg‘inmfl.
