2950 4684
324 344 401 406 c,
423 340 529 404 22,
846 344 963 392 on.
987 342 1301 394 nuans
1349 344 1829 396 saumana.
2221 317 2341 407 ω

323 530 415 601 lia
476 548 617 623 per
678 524 909 600 aulam
976 528 1304 622 dispositi
1370 538 1557 601 sunt.
1686 527 1823 603 llio
1887 549 2022 602 rex
2083 529 2341 605 dieitur

321 651 615 703 vacuam
666 629 921 701 sedem
972 631 1363 722 primariam
1430 634 1506 702 in
1568 652 1860 703 scamno
1910 630 2339 723 ignobiliori,

321 732 637 825 indeque
688 731 777 801 ad
832 732 1265 801 exteriorem
1316 741 1589 825 partem
1641 734 1892 824 vifflnti
1945 742 2020 804 et
2057 745 2341 805 centum

320 829 726 904 bominibus
774 852 1000 902 vacua
1067 831 1325 903 sedilia
1376 831 1802 927 reliquisse,
1868 853 2049 927 quas
2115 834 2342 905 sedes

321 934 651 1004 nutritori
677 929 1104 1003 Palnatokio
1150 932 1670 1028 comitibusque
1717 935 1874 1004 suis
1925 933 2341 1006 destinabat.

320 1034 548 1126 Cujus
600 1032 953 1105 adventus
981 1053 1139 1103 eum
1191 1033 1454 1105 tardari
1493 1034 1884 1120 videretur,
1939 1038 2165 1126 potari
2193 1054 2338 1106 eoe-

321 1143 518 1226 ptum
573 1143 706 1204 est.
806 1131 961 1203 Sed
1011 1154 1198 1205 nune
1250 1134 1340 1205 ad
1377 1132 1872 1206 Paluatokium
1928 1135 2342 1231 redeamus3

323 1237 411 1305 is
453 1234 673 1305 domo
739 1237 883 1305 iter
944 1236 1218 1326 paravit
1283 1252 1582 1306 unacum
1650 1233 1922 1329 Bjorne
1974 1234 2345 1324 Britanno,

322 1334 552 1406 tribus
604 1356 765 1405 enm
818 1334 1138 1421 navibus,
1190 1347 1469 1407 eentum
1522 1339 1768 1428 viginti
1804 1340 2004 1408 viros
2044 1335 2344 1425 habens,

324 1457 626 1531 quorum
680 1435 1031 1507 dimidiam
1083 1446 1351 1529 partem
1404 1437 1633 1523 Dani,
1703 1436 2055 1508 dimidiam
2107 1436 2343 1510 Brito·

324 1557 465 1608 aes
496 1536 909 1608 effecerunt.
1010 1535 1311 1607 Cursu
1293 1560 1361 1608 m
1390 1537 1714 1608 Danista
1707 1540 2159 1625 continuato,
2209 1539 2343 1610 hae

327 1638 583 1708 eadem
633 1656 943 1731 vespera
992 1637 1356 1732 appellunt
1383 1639 1474 1709 ad
1518 1637 1777 1726 locum,
1828 1637 1948 1711 ubi
1981 1661 2115 1711 rex
2137 1590 2345 1712 'Sven

324 1740 597 1810 sedem·
633 1737 977 1824 babebat,
1052 1760 1275 1812 naves
1325 1742 1395 1809 in
1446 1744 1866 1827 stationem,
1941 1760 2077 1834 qua
2127 1740 2344 1813 altius

326 1858 520 1910 mare
574 1839 745 1911 litus
791 1838 1090 1910 adluere
1144 1844 1395 1928 visum,
1456 1843 1857 1928 advertunt,
1921 1846 2100 1913 satis
2150 1841 2343 1913 bono

326 1940 465 2011 hae
512 1960 826 2035 vespere
858 1939 1033 2011 ·eoeli
1072 1950 1278 2011 statu.
1381 1942 1638 2014 Naves
1674 1946 1771 2013 ita
1800 1945 2344 2027 constituerunt,

251 2060 262 2071 ·
296 2053 406 2113 —ut
454 2062 709 2135 proras
743 2040 1003 2135 pelago
1036 2040 1537 2126 obverterent,
1583 2062 1843 2113 omnes
1879 2062 2126 2112 remos
2159 2041 2344 2112 seal-

327 2145 461 2213 mis
511 2144 889 2235 impositos
937 2140 1309 2228 haberent,
1348 2151 1438 2213 eut
1490 2143 1579 2212 ad
1625 2162 1905 2213 'uanum
1958 2154 2227 2228 essent,
2279 2145 2346 2213 si

326 2242 675 2313 celeriter
720 2263 896 2313 usus
946 2241 1367 2336 postularet.
1468 2242 1677 2313 Dein
1744 2243 2236 2335 egrediuntur·
2272 2247 2342 2317 in

326 2355 588 2415 terram
644 2352 721 2414 et
767 2345 877 2413 ire
930 2354 1423 2438 perseverant,
1477 2346 1710 2417 donec
1761 2344 1852 2417 ad
1896 2366 2148 2437 regem
2178 2366 2342 2438 per-

328 2447 643 2516 veniunt.
760 2442 929 2534 Quo
976 2467 1139 2516 cum
1201 2443 1613 2532 venissent,
1682 2449 2004 2517 convivae
2064 2445 2346 2539 poculis

325 2545 779 2633 adsidebant3
810 2543 969 2617 baee
998 2556 1153 2617 erat
1180 2548 1398 2640 prima
1431 2549 1735 2619 convivii
1771 2566 2101 2639 vespera.
2175 2544 2344 2618 Pal·

329 2646 660 2718 natokius
725 2645 951 2717 aulam
1018 2646 1454 2740 ingreditur,
1539 2652 1800 2740 suique
1866 2667 2120 2718 omnes
2183 2666 2346 2721 enm

329 2752 586 2819 secuti.
699 2743 854 2818 Per
913 2746 1142 2818 aulam
1213 2760 1722 2840 transgressus
1786 2747 1874 2817 ad
1945 2764 2197 2837 regem
2259 2762 2347 2817 se

330 2851 711 2933 conv-ertit,
770 2847 1365 2942 qui-salutantem
1418 2849 1729 2938 benigne
1784 2848 2158 2940 excipiens
2207 2846 2346 2939 ipsi

330 2952 630 3043 suisque
683 2949 1013 3021 omnihus
1059 2948 1286 3019 sedes
1336 2949 1679 3039 adsignat.
1778 2944 2086 3042 Jamque
2128 2964 2345 3042 poeu-

331 3049 426 3121 lis
490 3044 913 3121 adsidentes
966 3070 1283 3142 magnam
1338 3048 1683 3122 exhibent
1729 3048 2064 3122 laetitiam.
2169 3048 2346 3121 Cum

333 3149 840 3244 aliquantisper
889 3160 1200 3243 potatum
1253 3162 1427 3240 erat,
1481 3152 1736 3223 dieitur
1767 3148 2063 3244 Fjolner
2110 3152 2198 3222 ad
2234 3168 2348 3222 re-

335 3272 500 3345 gem
550 3271 953 3324 conversus
1005 3251 1431 3348 aliquantum
1486 3255 1830 3346 temporis
1859 3274 2019 3323 cum
2051 3272 2143 3322 eo
2178 3250 2347 3322 sub·

333 3355 553 3424 missa
605 3372 792 3424 voce
842 3352 1065 3424 verba
1110 3354 1423 3443 iecisseg
1484 3355 1572 3425 ad
1626 3370 1788 3448 quae
1840 3372 2006 3437 rex,
2083 3359 2351 3421 mutato

332 3454 546 3526 faciei
592 3451 888 3541 colore,
961 3452 1230 3526 vultum
1283 3455 1656 3526 rubentem
1724 3461 1798 3523 et
1845 3451 2181 3523 tumidum
2236 3468 2350 3523 as-

333 3556 607 3626 sumsit.
707 3552 909 3640 Viro,
956 3557 1072 3625 eui
1124 3573 1382 3624 nomen
1438 3564 1592 3625 erat
1642 3552 2029 3640 Arnoddo,
2099 3556 2258 3644 regi
2309 3573 2349 3622 a

334 3653 659 3726 candelis
721 3663 796 3726 et
851 3665 1017 3727 ante
1069 3673 1380 3724 mensam
1436 3659 1597 3747 ejus
1646 3653 1981 3740 adstanti,
2063 3651 2355 3747 Fjolner

334 3757 661 3848 sagittam
712 3754 1014 3851 aliquam
1068 3753 1301 3841 tradit,
1361 3753 1642 3847 jubens·
1680 3753 2026 3840 omnibu,
2078 3755 2351 3847 quiin-

335 3868 445 3928 tra
495 3854 723 3928 aulam
780 3866 1054 3943 essent,
1102 3853 1516 3940 ostendere,
1566 3857 1637 3924 in
1685 3874 1846 3926 eum
1873 3854 2085 3924 finem
2119 3854 2354 3923 donee

334 3957 593 4051 aliquis
623 3977 798 4029 sese
833 3957 1154 4050 ejusdem
1186 3954 1308 4028 teli
1341 3974 1850 4050 possessorem
1877 3952 2352 4047 profiteretur.

333 4057 730 4131 Arnoddus
781 4068 1161 4153 praecepta·
1189 4080 1233 4131 a
1279 4054 1619 4152 Fjolnere
1667 4072 1842 4124 mox
1901 4055 2354 4148 exsequiturg

336 4161 633 4253 primum
685 4179 729 4232 a
776 4157 965 4232 solio
1019 4161 1225 4253 regio
1262 4178 1478 4233 orsus
1527 4159 1908 4229 introrsum
1964 4174 2097 4249 per
2122 4153 2352 4229 aulam
