2950 4684
362 349 437 411 c,
458 345 596 411 2-4.
1071 306 1602 396 rannus-:nrum
1660 349 1708 395 ι.
2200 318 2384 409 affl

361 533 704 624 MagunS,
756 530 943 603 filius
1001 533 1185 625 ejuS,
1236 552 1462 602 annos
1513 540 1680 602 octo
1734 537 1809 601 et
1850 530 2176 623 triginta3
2229 539 2374 604 tum

360 632 539 705 Otto
592 632 849 719 Rufus,
898 631 1089 703 filius
1143 635 1324 725 ejus,
1384 651 1638 701 novem
1690 651 1934 701 annos,
2033 631 2146 702 Eo
2195 642 2373 703 tem-

364 754 542 826 pore
594 732 951 806 Haraldus
1005 730 1253 804 Gormi
1323 732 1514 803 filius
1579 754 1713 802 rex
1781 742 1936 801 erat
1981 730 2232 803 Daniae
2298 742 2377 803 et

359 834 794 926 Norvegiae,
862 833 998 905 sub
1064 836 1268 927 cujus
1330 835 1667 926 auspiciis
1717 831 2005 919 Hakon,
2074 833 2376 925 dynasta

358 932 751 1022 Ladensis,
820 944 895 1006 ut
958 956 1175 1028 supra
1228 935 1487 1005 dictum
1543 941 1690 1019 est,
1756 932 2197 1025 Norvegiam
2248 933 2372 1005 ad-

361 1038 802 1121 ministravit,
855 1035 992 1106 fida
1046 1046 1185 1106 tum
1240 1037 1425 1105 inter
1480 1055 1612 1104 eos
1663 1036 1984 1104 amicitia.
2087 1033 2373 1105 AEstate

359 1137 660 1230 quadam
711 1135 962 1207 Hakon
1036 1137 1336 1229 dynasta
1404 1138 1563 1226 regi
1617 1133 1929 1206 Har-aldo
1999 1137 2375 1227 sexaginta

358 1241 739 1331 accipitres
794 1239 1015 1323 misit,
1066 1235 1257 1306 nulla
1313 1256 1494 1306 vero
1545 1235 1802 1306 tributa
1855 1236 2225 1329 pependit,
2280 1256 2372 1306 eo

356 1339 550 1431 quod
620 1360 753 1409 rex
803 1337 1157 1409 Hal-aldus
1223 1339 1291 1406 ei
1361 1339 1589 1406 onmia
1653 1336 2045 1427 Norvegiae
2116 1335 2373 1408 tributa

274 1485 287 1505 ,
360 1441 432 1507 in
502 1438 819 1510 laborem
892 1449 966 1508 et
1030 1447 1332 1510 sumtum
1401 1439 1816 1522 remiserat,
1887 1459 2046 1530 quae
2114 1435 2372 1508 finibus

360 1538 451 1609 ab
505 1543 916 1611 incursione
968 1536 1559 1611 Gunnildidarum
1614 1536 1899 1608 tuendis
1951 1537 2370 1608 insumebat.

559 1639 697 1734 3⁷²⁶).
792 1639 928 1711 Sic
991 1650 1335 1711 memorat
1391 1649 1684 1709 sanc-tus
1751 1636 1952 1709 Beda
2021 1639 2371 1709 sacerdos

358 1744 430 1810 in
482 1741 870 1826 annalibuS,
925 1762 1107 1836 quos
1162 1741 1255 1811 de
1310 1741 1794 1833 descriptione
1848 1737 2085 1810 mundi
2131 1740 2369 1832 regio·

356 1865 520 1912 num
575 1846 1022 1935 conscripsit,
1075 1841 1397 1925 insulam,
1448 1838 1732 1911 Thulen
1785 1842 1852 1909 in
1899 1842 2187 1931 seriptis
2239 1839 2369 1930 (la-

355 1944 550 2035 tinis)
581 1942 1025 2035 appellatam,
1077 1941 1481 2011 tantum-ad
1534 1940 1811 2032 plagam
1866 1940 2103 2010 mundi
2157 1938 2368 2009 bore-

357 2040 543 2115 alem
608 2062 955 2132 vergere,
999 2050 1100 2112 ·ut
1166 2039 1262 2109 ibi
1331 2039 1602 2124 bieme,
1673 2061 1880 2131 quum
1953 2038 2368 2129 longissima

358 2162 505 2211 nox
560 2152 711 2227 est,
781 2142 940 2212 dies
1009 2160 1148 2210 non
1218 2143 1515 2225 oriatur,
1584 2160 1819 2234 neque
1882 2148 2131 2209 aestate
2200 2158 2368 2226 nox,

359 2265 569 2335 quum
640 2243 795 2313 dies
859 2241 1318 2333 longissimus
1382 2249 1513 2310 est.
1615 2238 1790 2310 Ideo
1844 2239 2063 2331 vulgo
2118 2241 2367 2310 existi-

358 2353 580 2430 mant,
650 2342 1024 2414 Islandiam
1085 2340 1370 2411 Thulen
1433 2339 1810 2433 appellari,
1877 2339 2070 2434 quod
2143 2362 2226 2411 ea
2295 2343 2367 2410 iu

358 2454 549 2514 terra
619 2442 831 2515 multa
901 2452 1068 2514 sunt
1134 2441 1336 2526 loca,
1403 2445 1472 2511 in
1542 2441 1800 2535 quibus
1869 2439 1984 2511 sol
2049 2463 2366 2533 magnam

356 2555 623 2637 partem
680 2544 966 2630 hiemis,
1022 2566 1231 2637 quum
1288 2543 1755 2613 brevissimus
1808 2543 1967 2613 dies
2028 2553 2174 2628 est,
2225 2564 2367 2613 nou

354 2655 671 2738 apparet,
725 2665 1190 2739 magnamque
1243 2647 1515 2714 aestatis
1568 2656 1833 2733 partem
1896 2641 2131 2714 multis
2183 2641 2367 2714 locis

356 2756 572 2816 noctu
623 2747 1070 2838 interdiuque
1122 2742 1475 2838 splendet.
1553 2740 1758 2812 Beda
1788 2763 1965 2814 vero
2017 2744 2367 2812 sacerdos

356 2856 677 2918 mortuus
731 2856 844 2917 est
872 2867 1056 2916 anno
1103 2846 1699 2936 octingentesimo
1730 2845 2093 2914 tricesimo
2126 2845 2365 2937 quinto

355 2944 442 3016 ab
499 2949 978 3018 incarnatione
1041 2946 1300 3017 domini
1365 2946 1589 3014 nostri
1639 2941 1828 3014 Jesu
1881 2942 2170 3030 Christi,
2222 2932 2364 3014 am'-

355 3044 546 3139 plius
608 3057 887 3116 centum
960 3049 1157 3117 annis
1219 3057 1382 3116 ante
1449 3043 1824 3115 Islandiam
1890 3067 1929 3115 a
1994 3043 2365 3138 Norvegis

326 3157 786 3241 'occupatam
887 3144 992 3215 lbi
1059 3158 1263 3218 antea
1332 3146 1561 3218 fuisse
1628 3148 1949 3217 dicuntur
2014 3144 2364 3230 homine&

354 3270 393 3317 a
427 3246 790 3343 Norvegis
813 3246 1032 3340 Papae
1069 3248 1263 3336 dieti3
1321 3251 1436 3343 qui
1492 3247 1679 3319 baud
1737 3248 1947 3318 dubie
2001 3246 2360 3317 christiani

352 3348 673 3437 fuerunt3
732 3371 885 3420 nam
939 3349 1171 3420 relicti
1220 3349 1309 3420 ab
1364 3352 1471 3419 eis
1524 3348 1682 3418 libri
1732 3347 2100 3431 hibernici,
2151 3349 2363 3416 sistra

352 3458 428 3520 et
480 3447 627 3521 litui
679 3452 947 3542 reperti
1001 3459 1187 3535 sunt,
1239 3459 1505 3541 praeter
1557 3448 1731 3519 alias
1761 3469 1884 3516 res
1932 3444 2363 3539 complureS,

355 3550 543 3620 unde
608 3549 909 3640 intelligi
974 3552 1229 3640 potuit,
1293 3546 1724 3618 'christianos
1794 3546 2025 3617 fuisse
2092 3557 2166 3618 et
2231 3567 2364 3639 per

354 3670 547 3719 mare
614 3647 1061 3723 occidentale
1126 3649 1493 3718 advectos.
1593 3646 1788 3718 Libri
1859 3669 2146 3742 quoque
2212 3647 2361 3715 An-

351 3747 524 3840 glici
599 3753 943 3836 indicant,
1020 3760 1315 3819 tractum
1393 3751 1602 3819 maris
1676 3752 1861 3820 inter
1931 3748 2058 3819 bas
2125 3758 2360 3819 terras

348 3851 792 3942 interjectum
851 3872 942 3921 eo
997 3860 1320 3942 tempore
1373 3854 1770 3941 navigatum
1826 3850 2076 3920 fuisse.

550 3951 621 4021 4.
728 3949 893 4043 Quo
946 3961 1268 4043 tempore
1322 3949 1624 4020 islandia
1678 3954 1960 4021 inventa
2020 3958 2094 4020 et
2144 3968 2357 4018 oecu-

350 4060 511 4145 pata
579 4062 728 4138 est,
798 4051 1156 4123 Adrianus
1221 4051 1541 4143 pontifex
1592 4050 1957 4123 Romanus
2032 4058 2215 4134 erat,
2287 4057 2360 4119 et

422 4184 471 4252 1)
501 4184 695 4238 Confer
731 4185 840 4239 Ser.
880 4184 1001 4238 hiet.
1039 4185 1125 4238 Isl.
1177 4185 1296 4239 Vol.
1334 4185 1376 4237 Ι.
1412 4205 1466 4257 p·
1503 4181 1767 4240 259-260.

446 4283 567 4338 voi.
605 4285 698 4338 xl.
743 4330 744 4333 n
1801 4255 1867 4328 A
1898 4278 1938 4328 a
