2950 4684
350 281 756 349 (2124-125.
900 290 1261 339 ms‘ronu
1318 290 1839 341 xum-mamm.
2194 264 2371 357 m

349 477 694 550 celeriter
741 478 811 547 in
866 473 1101 568 fugam
1155 495 1242 546 se
1297 474 1532 559 dedit,
1615 475 1857 547 multis
1915 497 2209 554 suorum
2258 484 2363 553 in-

351 579 717 664 ter-fectis,
802 575 1073 669 aliquot
1139 578 1383 668 captis.
1516 573 1799 666 Quibus
1862 576 2097 650 rebus·
2137 585 2367 671 gestis

348 680 540 750 Dani
590 680 680 749 ad
733 699 959 748 naves
1010 679 1292 751 reversi
1336 684 1524 762 sunt,
1578 685 1652 748 et
1705 699 1952 768 regem
1982 677 2365 755 Valdema·

348 802 503 851 rem
553 781 639 850 ad
696 775 1128 850 Geitisoam¹
1186 779 1701 849 convenientes
1757 778 1848 849 de
1902 782 2096 851 exitu
2141 802 2361 874 expe-

352 882 636 951 ditionis
688 883 1070 950 certiorem
1125 878 1469 953 feceruut.
1574 876 1707 948 Hic
1757 876 1932 964 Joti,
1982 883 2205 952 sociis
2256 885 2365 952 in-

331 982 721 1066 videntes,
798 977 1293 1050 selandenses
1347 979 1827 1070 omni-praeda
1896 983 2167 1072 potiri,
2224 983 2363 1055 sibi

346 1081 520 1153 nihil
573 1080 913 1175 relinqui,
983 1078 1482 1173 querebantur.
1585 1076 1815 1169 Quam
1877 1079 1970 1153 ob
2022 1102 2172 1169 rem
2228 1105 2369 1155 rex.

345 1204 505 1253 cum
557 1184 787 1275 copiis
835 1183 992 1252 suis
1037 1178 1369 1251 Straelam
1421 1178 1817 1270 profectuS,
1876 1180 2043 1251 inde
2096 1185 2168 1251 in
2201 1182 2369 1255 Tri2

344 1283 559 1353 buain
611 1292 685 1352 et
733 1277 1114 1374 Tripiden2
1146 1280 1375 1351 ductis
1401 1278 1759 1366 militibus,
1782 1285 2114 1372 regionis
2148 1283 2365 1355 multa

347 1382 509 1453 loca
561 1382 893 1465 incendit,
946 1380 1196 1452 urbem
1248 1383 1708 1474 expugnavit,
1761 1380 2086 1453 homines
2141 1387 2358 1455 iuter·

345 1482 543 1571 fecit,
594 1503 736 1578 quo
788 1481 977 1553 sacto
1029 1480 1269 1574 praeda
1319 1489 1574 1553 auctus
1615 1481 1894 1553 domum
1949 1483 2179 1555 rediit.
2294 1534 2301 1537 ,

933 1581 1058 1652 De
1105 1603 1283 1677 reye
1351 1579 1427 1652 V
1420 1578 1812 1653 aldemare.

550 1680 717 1752 125.
823 1681 982 1752 Hoc
1037 1691 1362 1774 tempore
1414 1680 1809 1768 Hem-icus,
1888 1683 2035 1757 dux
2081 1681 2353 1758 Bruns·

347 1784 707 1867 vicensiS,
811 1784 1454 1875 peregrinationem
1524 1781 2073 1874 Hierosolymas
2142 1786 2363 1857 domo.

346 1886 809 1977 comparavit,
861 1893 1024 1953 ante
1076 1903 1281 1965 vero,
1335 1900 1539 1974 quam
1579 1882 2178 1974 proficisceretur,
2232 1889 2354 1956 mi·

345 1986 445 2054 sit
492 1982 583 2051 ad
637 1985 1048 2074 episcopum
1102 1980 1577 2065 Absalonem,
1640 1991 1718 2052 ut
1765 1980 1926 2052 filiae
1978 2005 2172 2068 suae,
2228 1987 2363 2057 do«.

343 2086 554 2153 minae
606 2081 1090 2167 Geirthrudae,
1143 2102 1348 2175 quam
1400 2079 1703 2166 KnutuS,
1756 2085 1955 2174 regis
1977 2082 2357 2155 Valdema-

346 2186 451 2255 ris
478 2182 690 2268 filius,
725 2182 1049 2268 duceret,
1081 2181 1353 2253 obviam
1381 2182 1836 2276 procederet.
1941 2181 2090 2255 Sed
2123 2184 2363 2257 Absa«

352 2283 477 2354 lon
530 2286 966 2376 episcopus,
1011 2293 1178 2361 ,tum
1232 2285 1575 2375 temporis
1645 2283 1893 2356 morbo
1946 2306 2185 2377 aeger,
2265 2287 2363 2363 ab,

342 2383 487 2454 hoc
536 2387 794 2455 itinere
847 2382 1240 2474 prohibitus
1291 2393 1438 2470 θεῖς
1492 2404 1697 2477 quam
1749 2405 1898 2457 rem
1954 2384 2101 2457 dux
2152 2409 2355 2479 aegre

345 2483 518 2556 tulit.
618 2483 1033 2578 Insequenti
1089 2505 1264 2554 vero
1317 2483 1589 2568 hieme,
1674 2483 1865 2560 festo
1908 2485 2353 2577 jolensi-ad-

345 2595 660 2678 petente,
713 2606 867 2655 eam
920 2583 1370 2673 Heidabyum
1414 2587 1620 2669 misit,
1657 2584 2171 2680 literasquessad
2202 2590 2352 2682 epi-

346 2706 643 2778 scopum
694 2683 1131 2757 Absaloncm
1191 2685 1408 2770 dedit,
1461 2684 1718 2777 quibus
1769 2685 2212 2776 significavit,
2264 2710 2365 2765 se.

346 2788 604 2859 nemini
655 2789 727 2855 in
776 2785 1009 2857 Dania
1062 2788 1426 2876 majorem,
1483 2806 1682 2876 quam
1742 2786 1833 2870 ei,
1888 2784 2095 2857 fidem
2134 2784 2351 2857 habe-

344 2907 450 2959 re.
552 2886 744 2955 Deio
796 2909 931 2956 rex
980 2886 1398 2970 Valdemar,
1452 2883 1726 2957 obviam
1774 2883 2037 2976 legatis
2091 2889 2355 2974 missis,

348 3007 505 3055 eam
571 2984 963 3056 honorifice
1030 2989 1339 3079 excepit.
1477 2984 1648 3055 Dux
1731 3006 1910 3055 vero
1997 2985 2355 3059 chricus

344 3082 851 3176 Hierosolyma
919 3086 1288 3178 profectus
1360 3094 1507 3168 est,
1587 3107 1724 3177 qua
1776 3089 2350 3181 peregrinatione

248 3190 253 3199 ’
346 3184 729 3255 defunctus
795 3185 1072 3256 domum
1138 3186 1366 3257 rediit.
1466 3184 1731 3277 Elapsa
1782 3186 2065 3255 instanti
2114 3185 2350 3257 hieme

341 3307 478 3356 rex
528 3283 935 3371 Valdemar,
987 3289 1216 3378 copiis
1269 3286 1506 3361 denuo
1534 3287 1601 3353 in
1629 3285 2152 3377 expeditionem
2180 3306 2351 3354 evo-

342 3389 562 3471 catiS,
629 3388 703 3456 in
748 3384 1242 3457 Vindlandiam
1294 3383 1700 3478 profectus,
1754 3387 1822 3452 in
1876 3386 2131 3462 ostium
2184 3381 2349 3463 Pla,
2434 3473 2447 3488 ἱ
2516 3378 2527 3391 ’

340 3483 589 3558 taeum³
607 3506 841 3579 usque
860 3485 945 3555 ad
989 3484 1189 3557 lacus
1212 3482 1617 3575 Gorgaeos4
1643 3486 2060 3576 penetravit,
2089 3486 2351 3570 omnia-

345 3606 487 3678 que
558 3585 718 3657 loca
793 3587 1245 3675 circumjecta
1305 3585 1767 3657 inflammavit.
1928 3581 2114 3653 Post
2192 3582 2355 3665 haee

341 3705 477 3754 rex
530 3684 917 3757 Valdemar
968 3681 1568 3774 Burstaborgam⁵
1595 3682 1983 3776 profectuS,
2022 3682 2202 3753 hanc
2233 3701 2351 3757 ure

342 3783 680 3863 hem-diu
734 3784 1054 3871 obsedit,
1124 3805 1215 3854 eo
1271 3784 1550 3853 tandem
1605 3785 1822 3868 exitu,
1873 3792 1951 3863 ut
2003 3781 2352 3875 oppidani,

417 3944 464 4013 ¹)
503 3947 631 3999 hod.
674 3944 1049 4012 Gedserodde,
1104 3961 1377 4019 promont.
1427 3942 1659 3996 Falstriae
1696 3941 1769 3995 ·in
1815 3941 2002 3995 Dania.
2109 3941 2158 4008 2)
2207 3940 2351 4010 regio
2394 4022 2399 4031 ι

339 4035 660 4095 Pomeraniae
696 4039 763 4092 ad
798 4038 998 4094 Peuum
1038 4041 1169 4093 ultra
1206 4036 1471 4092 Tribuzin.
1576 4032 1628 4101 ⁸)
1653 4033 1811 4086 exitus
1828 4032 2110 4085 Svinenssft·
2181 4030 2228 4094 ⁴)
2252 4032 2352 4089 h0'2

340 4149 459 4181 mm
487 4129 614 4184 nitus
650 4131 873 4185 incertus
911 4147 1003 4185 est.
1112 4132 1161 4201 ⁵)
1201 4130 1481 4198 stetinum,
1517 4123 1834 4180 Pomeraniae
1869 4126 2069 4178 urbem.
2103 4144 2111 4154 ·

1817 4193 1956 4265 Ζ2
