2950 4684
344 342 421 406 c,
453 334 677 405 3435,
890 339 1261 390 mrem
1312 338 1833 390 usur-rurum.
2179 310 2356 402 21¹2

345 536 420 599 te
486 524 679 613 fers,
754 524 892 598 scd
961 523 1244 598 fortuna
1312 523 1438 597 tibi
1497 524 1690 600 haud
1752 527 1941 598 omni
1999 544 2101 598 fex
2155 536 2359 620 parte

340 646 772 700 succeoeum
822 625 1190 719 spondere
1250 626 1553 697 videtur.
1685 624 1923 716 Quum
1983 636 2221 702 autem
2282 636 2358 698 te

192 820 209 826 ι
343 729 417 800 in
467 725 694 798 rebus
740 726 1085 818 gerendis
1133 746 1473 820 perquam
1511 734 1882 799 strenuum
1915 745 2088 799 esse
2115 729 2360 813 sciam,

344 829 699 900 comittem
751 825 877 898 tibi
930 846 1110 912 eam,
1163 847 1323 919 quae
1371 829 1441 896 in
1494 823 2166 919 Borgundarholmo
2218 836 2359 913 est,

344 927 958 1000 administrandam
1014 925 1547 1018 praefecturam,
1613 935 1691 998 tu
1741 929 2058 1000 vicissim
2111 947 2361 998 omnes

353 1026 859 1121 expeditiones
907 1024 1209 1098 bellicas
1262 1036 1339 1097 et
1375 1028 1665 1117 negotia
1692 1031 1895 1120 regia
1923 1027 2360 1100 administra-

348 1135 461 1216 ως
508 1130 644 1212 ita,
713 1125 1050 1198 detractis
1099 1125 1327 1198 tribus
1374 1125 1607 1211 villis,
1657 1148 1837 1219 quas
1887 1126 1983 1197 ibi
2034 1128 2363 1221 posside·

348 1247 561 1314 nug-
586 1234 874 1301 ceteras
923 1235 1066 1300 tuae
1116 1229 1597 1318 procurationi
1641 1228 2071 1300 mandamus.
2170 1225 2363 1319 Egil,

350 1325 487 1402 hac
536 1326 946 1400 conditio-ne
998 1337 1326 1419 aeecptn,
1395 1325 1614 1418 hujus
1663 1330 2051 1419 provinciae
2105 1348 2362 1420 procu·-

349 1435 544 1498 rator
575 1429 842 1512 existit,
892 1425 1236 1519 brevique
1264 1445 1586 1517 magnam
1625 1428 2148 1514 auctoritatem,
2221 1448 2363 1500 ma·

349 1547 559 1618 gnam
612 1524 1058 1602 adseclarum
1123 1524 1636 1599 multitudinem
1682 1536 2082 1621 comparat,
2131 1546 2363 1621 seque

353 1627 712 1720 frequenti
760 1629 1179 1720 stipatorum
1230 1647 1528 1698 numero
1583 1627 2001 1715 circumdat3
2056 1636 2210 1704 erat
2237 1647 2363 1720 pe-

350 1729 581 1802 cuniis
628 1725 976 1813 liberalis,
1026 1724 1407 1819 splendide
1437 1726 1748 1813 vivebat,
1803 1731 2163 1820 piraticam
2195 1748 2365 1820 qua-

350 1829 465 1898 vis
518 1835 769 1902 aestate
821 1827 1153 1902 faciendo
1202 1847 1496 1919 magnas
1546 1848 1730 1921 opes
1758 1827 1893 1898 sibi
1924 1828 2366 1922 adquirebat,

349 1947 531 2020 quas
581 1930 739 1998 suis
792 1947 923 2020 per
988 1926 1294 2000 hiemale
1365 1936 1648 2020 tempus
1713 1926 1994 1999 alendis
2058 1931 2366 2000 insume-

346 2026 502 2115 bat3
556 2036 713 2100 erat
759 2027 948 2119 apud
999 2047 1180 2099 suos
1199 2031 1611 2120 -gratiosus,
1661 2030 2089 2118 provinciam
2115 2048 2368 2118 magna

348 2148 506 2198 cum
560 2130 982 2198 strenuitate
1026 2126 1475 2198 defendebat.
1591 2123 1924 2214 Sumtus,
1976 2148 2159 2222 quos
2222 2147 2366 2198 ma-

348 2247 535 2319 gnos
585 2226 913 2313 faciebat,
954 2230 1478 2319 procurationis
1548 2228 1919 2301 commoda
1984 2225 2365 2302 exhaurie-

347 2325 554 2415 bant3
605 2349 763 2406 nam
816 2327 1094 2402 reditus
1146 2326 1474 2412 habebat,
1527 2346 1675 2420 prae
1728 2350 1931 2420 quam
1975 2338 2181 2402 antea
2211 2327 2365 2399 fue·

347 2436 534 2517 rant,
607 2430 957 2518 exiguos,
1033 2435 1308 2499 sumtus
1373 2425 1684 2498 faciebat
1751 2427 1970 2501 multo
2040 2432 2367 2520 majores.

348 2525 527 2599 Haec
579 2549 739 2600 cum
791 2530 952 2618 regi
1004 2526 1244 2600 Knuto
1297 2548 1543 2621 parum
1597 2525 2003 2620 placerent,
2082 2526 2365 2623 Egilem

351 2627 770 2698 deminuere
827 2629 1245 2721 stipatorum
1296 2648 1664 2697 numerum
1708 2629 1947 2719 jussit,
2003 2649 2235 2722 seque
2267 2631 2367 2721 pi-

348 2730 636 2798 raticam
687 2729 868 2800 intra
918 2748 1215 2819 regnum
1267 2725 1671 2817 abrogasse
1723 2726 2164 2818 significavit.

911 2824 1097 2922 Eyil
1141 2827 1578 2920 sanqm‘nem
1626 2822 1821 2898 bibit.

557 2925 676 2997 35.
773 2924 1036 3019 Aliqua
1089 2935 1340 2998 aestate
1376 2923 1568 3017 Egit,
1623 2945 1667 2994 e
1720 2946 1948 3018 regno
1985 2947 2144 2997 eum
2190 2924 2364 2997 duo·

354 3026 696 3119 devigiuti
749 3025 1049 3100 navibus
1101 3024 1497 3119 profectus,
1546 3022 1842 3118 appulsa
1893 3026 1981 3099 ad
2029 3023 2367 3107 Vindlan-

353 3126 533 3210 diam
611 3123 886 3212 classe,
967 3127 1253 3220 pr-aedas
1314 3145 1540 3218 agere
1596 3127 1826 3218 coepit.
1954 3125 2192 3198 Vendi
2243 3125 2366 3198 ad-

352 3245 614 3298 versus
661 3224 947 3317 Egilem
1000 3229 1378 3318 pugnaturi
1423 3246 1509 3296 se
1540 3222 2007 3316 conglobant3
2062 3246 2367 3317 congre·

351 3324 667 3410 dicutur,
745 3325 824 3398 fit
872 3329 1131 3417 ingens
1181 3324 1540 3419 proelium,
1619 3321 1817 3396 multi
1870 3328 2196 3418 utrinque
2251 3346 2368 3395 ca·

355 3423 546 3494 dunt.
647 3424 814 3516 Egil
869 3425 1263 3496 fortissime
1315 3425 1670 3517 pugnavit.
1775 3423 2170 3513 Congressi
2207 3432 2373 3494 sunt

346 3522 693 3612 navibus»,
744 3544 1051 3617 quaeque
1102 3523 1518 3616 praefectum
1571 3523 1986 3594 Vendorum
2039 3521 2371 3608 vehebat,

347 3624 674 3713 proxima
723 3626 882 3712 pavi
931 3620 1167 3716 Egilis
1196 3622 1349 3692 fuit.
1446 3620 1718 3693 Praelio
1750 3642 1954 3715 quam
1982 3621 2369 3694 vehemen-

350 3720 629 3791 tissime
680 3723 1004 3814 ardente,
1057 3742 1218 3810 eum
1268 3723 1341 3792 in
1392 3722 1677 3814 ancipiti
1729 3741 1901 3796 esse
1956 3721 2181 3813 vulgo
2215 3724 2369 3806 exi-

347 3821 782 3905 stimaretur,
828 3825 969 3912 utri
1021 3822 1250 3893 daturi
1300 3840 1553 3908 manus
1602 3818 1862 3910 forent,
1911 3820 2080 3913 Egil
2134 3840 2176 3890 e
2208 3822 2370 3892 navi

348 3938 483 3994 sua
532 3922 604 3989 in
655 3919 966 4014 faselum
1015 3901 1431 4010 Vendorum
1465 3901 1901 4005 transilienS,
1953 3918 2366 4012 praefectum

350 4016 591 4114 gladio
645 4041 1073 4118 percussum
1122 3999 1325 4112 letali
1367 4017 1669 4106 vnlnere
1696 4019 1958 4103 affecit,
2009 4039 2152 4111 quo
2178 4017 2368 4098 tacto

346 4103 724 4194 confestim
775 4124 849 4194 in
900 4140 1150 4214 navem
1177 4142 1382 4200 suam
1422 4139 1730 4194 aversus
1753 4115 2032 4191 resiliit.
2134 4115 2371 4190 Veudi
