2950 4684
618 257 736 345 42
1127 285 1223 331 on
1278 284 1588 333 manns
1630 284 2106 334 somnnsmus.
2420 284 2493 344 c.
2530 282 2627 344 15.

620 470 777 553 sita,
824 465 1333 559 lngibjargam,
1398 467 1720 559 dynastae
1771 467 2014 555 filiam,
2075 465 2367 538 Palneri
2417 462 2629 536 Tokii

620 566 768 638 filio
802 588 1098 639 uxorem
1129 570 1341 660 petit:
1393 575 1722 653 testatuS,
1774 567 1961 638 hune
1991 568 2187 638 fratri
2210 566 2400 636 Akio
2435 565 2630 636 nulla

620 688 702 739 re
756 668 1059 757 cedere,
1122 667 1401 737 domum
1457 670 1614 759 ejus
1681 670 1747 736 in
1799 665 2049 739 Fionia
2098 666 2357 760 opibus
2409 664 2626 736 abuu-

623 769 829 839 dare:
882 771 950 837 ni
1006 771 1162 859 ipse
1214 766 1395 838 hanc
1430 766 1945 860 profectionem
1979 770 2452 860 suscepisset,
2502 786 2629 858 pe-

619 868 915 939 ticulum
967 867 1234 954 fuisse,
1301 888 1393 937 ne
1444 865 1713 936 Palner
1763 889 2066 938 moerore
2121 872 2422 961 periret:
2490 865 2631 936 hoc

619 970 1057 1061 potissimum
1113 967 1272 1037 fore
1328 968 1601 1038 doloris
1655 967 2018 1052 levamen,
2086 970 2149 1038 si
2203 966 2335 1037 hac
2388 967 2628 1036 condi-

619 1071 814 1139 tione
866 1071 1229 1162 potiretur.
1329 1066 1678 1159 Dynasta,
1732 1070 1864 1138 etsi
1911 1066 2088 1138 hanc
2130 1089 2280 1137 rem
2318 1065 2627 1157 benigne

620 1172 1018 1260 exciperet,
1085 1176 1318 1237 tamen
1374 1169 1725 1252 ostendit,
1793 1167 1979 1239 tales
2046 1189 2171 1238 res
2247 1164 2630 1257 diligenter

618 1269 1074 1360 pensitandas
1107 1288 1302 1352 esse,
1353 1277 1430 1337 ut
1471 1272 1769 1353 ratione,
1822 1290 1961 1339 non
1992 1278 2292 1352 temere,
2323 1287 2626 1357 ageren-

617 1379 766 1456 tur3
835 1390 1068 1461 neque
1119 1378 1353 1438 tamen
1407 1367 1764 1455 dubitare,
1829 1372 2099 1439 ratione
2151 1366 2387 1437 habita
2437 1364 2627 1452 Akii,

617 1471 817 1539 amici
872 1472 1009 1554 sui,
1064 1473 1364 1563 ejusque
1397 1468 1657 1554 fratris,
1711 1472 1876 1561 quin
1912 1472 2166 1538 eximia
2221 1466 2627 1538 conditione

621 1569 880 1660 dignus
936 1579 1153 1640 esset.
1259 1566 1614 1658 Quamdiu
1650 1567 1831 1639 hanc
1869 1592 2017 1639 rem
2067 1567 2431 1661 colloquio
2466 1587 2628 1636 ver·

617 1673 858 1754 sarint,
916 1670 1160 1739 dicere
1192 1670 1472 1763 quidem
1516 1692 1653 1738 non
1692 1668 2058 1754 habemuS,
2105 1673 2169 1739 is
2198 1689 2375 1738 vero
2400 1666 2627 1736 fuisse

617 1773 888 1860 negotii
944 1772 1181 1839 exitus
1237 1770 1511 1855 dicitur,
1566 1780 1641 1839 ut
1679 1769 1887 1840 Ottar
1938 1771 2239 1861 dynasta
2290 1766 2626 1858 lngibjar·

618 1893 800 1962 gam,
851 1868 1061 1940 filiam
1113 1890 1338 1955 suam,
1404 1867 1694 1939 Palneri
1750 1870 2235 1963 desponderit.
2336 1866 2466 1937 Hic
2512 1865 2625 1936 Si-

620 1972 932 2063 gurdus:
1005 1973 1097 2040 ita
1155 1980 1553 2062 comparata
1608 1990 1730 2040 res
1784 1982 1919 2055 est,
1973 1971 2281 2053 domiue,
2332 1977 2411 2038 ut
2459 1965 2626 2037 Pal·

617 2094 860 2142 nerem
899 2070 1181 2140 credam
1220 2070 1569 2163 langvore
1599 2093 1683 2142 ac
1716 2091 2020 2141 moerore
2057 2068 2399 2162 impediri,
2451 2088 2627 2161 quo-

616 2170 1386 2262 minus⁴p1·oficiscatur
1447 2171 1590 2241 huc
1659 2172 1745 2241 ad
1803 2170 2054 2263 epulas
2108 2167 2494 2261 nuptiales3
2557 2180 2629 2238 at

618 2274 687 2341 ei
751 2280 960 2341 tantae
1022 2280 1185 2340 sunt
1254 2271 1553 2355 divitiae,
1636 2293 1862 2365 eaque
1933 2269 2481 2362 magnificentia,
2553 2277 2630 2338 ut

620 2370 869 2465 epulas
908 2371 1091 2439 domi
1146 2373 1215 2439 in
1248 2368 1497 2440 Fionia
1548 2374 1903 2442 instruere
1955 2375 2221 2464 possit3
2276 2391 2482 2463 quam
2533 2367 2625 2438 ob

618 2494 768 2542 rem
797 2492 1103 2556 oramus,
1154 2482 1231 2541 ut
1281 2469 1524 2541 harum
1563 2470 2041 2543 difficultatum
2087 2470 2319 2541 habita
2353 2472 2625 2540 ratione

618 2593 710 2643 eo
764 2570 1117 2665 proficisci
1173 2570 1358 2642 velis
1405 2573 1496 2641 ad
1520 2572 1989 2643 celebrandas
2042 2570 2314 2664 epulaS,
2368 2578 2625 2664 quanto

616 2675 773 2766 ipse
825 2671 1010 2743 velis
1065 2693 1360 2743 numero
1429 2683 1705 2744 tuorum
1761 2676 2151 2744 comitatus.
2271 2670 2483 2761 Quod
2523 2668 2625 2739 fa-

615 2783 886 2846 cturum
943 2795 1027 2845 se
1084 2774 1378 2865 dynasta
1431 2773 1794 2866 pollicitus
1849 2783 1980 2844 est.
2041 2770 2268 2842 Post
2314 2771 2471 2841 baec
2511 2768 2623 2839 Si·

616 2875 914 2967 gurduS,
969 2875 1247 2945 domum
1300 2885 1674 2961 revectuS,
1753 2874 1885 2944 has
1937 2894 2060 2943 res
2111 2871 2401 2941 Palneri
2453 2893 2624 2941 uun-

616 2978 758 3045 tiat.
861 2973 1141 3063 Quibus
1192 2974 1449 3044 auditis
1501 2995 1657 3044 eum
1711 2974 2000 3045 multum
2056 2972 2309 3043 dolore
2344 2970 2624 3042 levare-

615 3085 752 3158 tur,
806 3072 1055 3166 epulas
1104 3075 1175 3142 in
1230 3074 1606 3145 adventum
1663 3075 1983 3165 dynastae
2038 3072 2449 3166 plenissime
2503 3094 2624 3164 ap-

616 3183 885 3267 parant,
938 3172 1110 3243 nulli
1163 3177 1267 3243 rei
1320 3184 1722 3267 parcentes,
1777 3183 1854 3246 ut
1888 3184 2089 3245 esset
2120 3176 2306 3244 omni
2337 3177 2623 3244 nomine

616 3296 822 3369 quam
848 3273 1520 3368 splendidissimum.
1592 3274 1909 3370 Cumque
1938 3277 2232 3345 adesset
2263 3274 2423 3345 dies
2454 3294 2623 3343 con-

615 3379 875 3462 stituta,
931 3398 1066 3470 qua
1120 3378 1588 3446 convenirent
1638 3380 1988 3461 convivae,
2051 3374 2274 3445 adfuit
2325 3375 2624 3466 dynasta

619 3484 694 3546 et
725 3497 1020 3567 magnus
1056 3499 1211 3548 cum
1248 3499 1337 3546 eo
1374 3476 1727 3548 hominum
1760 3498 2117 3548 numeruS.
2168 3473 2345 3546 Tum
2381 3474 2621 3567 splen·
2665 3512 2672 3521 ‹

619 3576 804 3646 didae
859 3576 1092 3669 epulae
1145 3576 1500 3670 nuptiales
1552 3578 1973 3648 celebratae:
2026 3575 2294 3646 Palner
2340 3587 2413 3645 et
2435 3574 2621 3667 lngi-

614 3675 860 3770 bjarga
928 3680 997 3746 in
1065 3700 1275 3750 unum
1342 3676 1600 3749 lectum
1667 3678 1872 3749 ambo
1928 3678 2231 3748 deducti.
2347 3675 2626 3747 Dicitur

611 3791 848 3871 nupta,
901 3788 1270 3872 postquam
1323 3780 1847 3850 conscenderat
1898 3774 2178 3863 lectum,
2232 3777 2432 3848 brevi
2492 3773 2620 3847 ob-

616 3879 1082 3962 dormivisse,
1136 3878 1502 3950 dormiens
1559 3883 1993 3964 somniasse,
2048 3886 2618 3970 experrectaque

613 3975 910 4048 Palneri
963 3978 1302 4050 retulisse
1353 3983 1720 4051 somnium.
1833 3976 2212 4071 Imaginata
2271 4000 2462 4064 sum,
2513 3980 2620 4047 in-

616 4080 813 4170 quit,
859 4078 987 4151 hac
1038 4082 1192 4173 ipsa
1245 4079 1449 4166 villa,
1526 4079 1647 4151 ubi
1700 4101 2099 4177 nunc-sum,
2167 4100 2281 4151 me
2319 4081 2620 4163 versari,
