2950 4684
585 324 773 415 350
1123 350 1488 400 nimenta
1539 350 2059 400 trum-mamm.
2195 352 2268 414 c,
2302 351 2612 417 122423,

600 536 904 608 muliere
953 532 1292 623 haberet,
1368 533 1442 605 hi
1498 555 1748 606 canum
1803 537 1937 607 ritu
1988 537 2176 607 inter
2225 557 2312 607 se
2362 536 2610 608 cohoe-

597 647 866 723 rerent,
918 657 1152 730 neque
1204 638 1400 728 prius
1452 637 2053 728 diSJungerentur,
2106 658 2311 730 quam
2351 660 2444 709 ex
2476 660 2609 733 op-

597 739 767 833 pido
821 740 1105 830 egressi
1156 736 1479 807 fuissent.
1595 736 1708 807 Eo
1760 746 1994 808 autem
2050 738 2192 823 die,
2247 761 2389 832 quo
2447 737 2611 812 haec

597 838 973 915 simulacra
1022 840 1317 908 incensa
1369 847 1566 923 sunt,
1616 835 1945 908 homines
1996 836 2191 909 mille
2244 837 2352 933 [et
2402 850 2608 912 octo·

598 937 824 1037 gintal
897 938 983 1010 ad
1057 937 1479 1030 religionem
1548 936 1992 1009 christianam
2077 939 2608 1030 perduxerunt,

602 1042 924 1116 undecim
977 1042 1384 1110 coemeteria
1438 1048 1973 1110 consecrarunt.
2074 1037 2208 1110 Hic
2236 1040 2429 1111 idola
2459 1065 2608 1111 ma-

598 1165 735 1236 gua
789 1143 1111 1235 pecunia,
1163 1160 1339 1211 auro
1394 1148 1467 1209 et
1494 1149 1820 1231 argento,
1870 1142 2108 1211 serico
2140 1151 2215 1211 et
2243 1139 2606 1234 bombyce

597 1245 887 1333 coccina
944 1250 1017 1310 et
1084 1261 1430 1333 purpura,
1509 1238 1739 1332 galeis
1794 1249 1870 1310 et
1942 1240 2277 1325 ensibus,
2353 1241 2607 1315 loricis

598 1345 927 1437 omnique
958 1362 1307 1413 armornm
1344 1361 1620 1434 genere
1643 1341 2054 1433 spoliarunt.
2108 1340 2372 1432 Quinto
2403 1343 2606 1415 idolo

594 1466 854 1516 nomen
905 1442 1036 1515 fuit
1084 1440 1446 1528 Pizamar,
1525 1444 1597 1511 in
1648 1442 1963 1513 Asuada
2032 1441 2133 1534 (id
2202 1442 2367 1513 huic
2432 1443 2607 1516 loco

594 1546 882 1636 nomen)
929 1543 1147 1628 culto,
1200 1542 1389 1636 quod
1455 1546 1661 1613 etiam
1727 1544 2021 1630 flammis
2082 1542 2411 1614 abolitum
2468 1555 2609 1616 est.

593 1645 726 1717 His
777 1643 1168 1714 accedebat
1233 1641 1814 1734 TiaruagloviuS,
1894 1665 2152 1715 numen
2219 1643 2604 1732 victorioe2,

595 1745 1006 1816 bellicarum
1080 1744 1607 1837 expeditionum
1677 1748 1957 1831 sociuS,
2044 1755 2389 1838 argenteo
2446 1769 2604 1838 my-

594 1858 794 1920 stace
846 1847 1180 1937 insignis,
1260 1865 1464 1938 quem
1533 1845 1928 1917 diutissime
1979 1855 2339 1918 servatum
2390 1851 2603 1918 tertia

592 1956 760 2043 post
812 1946 1043 2018 hieme
1095 1949 1443 2039 captivum
1502 1946 1876 2017 duxeruut.
1986 1945 2064 2016 ln
2118 1946 2248 2017 hac
2303 1949 2603 2041 expedi-

595 2053 790 2121 tione
843 2050 1125 2119 omniuo
1178 2050 1489 2140 quinque
1542 2047 1757 2118 millia
1799 2046 2183 2118 incolarum
2217 2046 2599 2119 christiana

595 2150 1077 2221 reddiderunt.
1206 2146 1491 2238 Quibus
1556 2147 1779 2220 rebus
1846 2147 2193 2219 consectis
2247 2171 2378 2218 rex
2429 2149 2603 2220 Va}-

557 2253 841 2321 demar
906 2261 977 2318 et
1031 2247 1351 2319 Absalon
1406 2251 1789 2341 episcopus
1859 2272 2022 2320 cum
2083 2249 2410 2322 omuibus
2472 2273 2599 2322 co-

579 2353 731 2445 'piis
782 2351 1170 2420 redierunt.

798 2449 966 2521 1⁶23.
1066 2447 1254 2520 Vivo
1307 2469 1488 2540 rege
1539 2447 1972 2520 Valdemare
2023 2450 2353 2521 undecim
2418 2460 2597 2520 tem-

592 2551 710 2646 pla
759 2555 828 2621 in
882 2549 1111 2641 Rugia
1171 2549 1513 2621 aedificata
1566 2549 1776 2621 et·ab
1831 2553 2173 2645 episeopo
2226 2550 2598 2623 Absalone

592 2657 1004 2744 inaugurata
1055 2659 1235 2721 sunt.
1337 2649 1604 2721 Ibidem
1658 2673 1845 2724 nunc
1895 2653 2118 2724 sedes
2162 2651 2597 2746 episcopalis

581 2764 709 2826 ‘est
759 2754 960 2840 loco,
1048 2756 1166 2846 qui
1216 2750 1453 2824 Usna³
1525 2753 1815 2837 dicitur,
1894 2750 1994 2846 [iu
2062 2752 2601 2846 qua.dioeeesi4

591 2865 754 2928 sunt
789 2853 1047 2948 templa
1078 2864 1357 2925 centum
1402 2863 1475 2924 et
1502 2856 2015 2947 quinquaginta.
2116 2851 2386 2924 Postea
2417 2874 2596 2924 vero

591 2979 794 3050 quam
868 2955 1095 3046 Rugia
1161 2956 1252 3024 ad
1323 2953 1914 3026 christianismum
1997 2953 2339 3046 perducta
2409 2963 2596 3039 erat,

595 3077 730 3126 rex
792 3054 1179 3124 Valdemar
1241 3053 1416 3125 nulli
1484 3056 1920 3148 expeditioni
1977 3054 2312 3125 interfuit.
2438 3053 2593 3125 Sed

591 3163 885 3248 propter
932 3158 1312 3247 pecunias,
1366 3177 1544 3248 quas
1597 3177 1728 3226 rex
1777 3154 2163 3226 Valdemar
2214 3176 2310 3225 ex
2359 3154 2597 3248 Rugia

589 3255 998 3347 redegerat,
1052 3255 1347 3325 dissidia
1398 3267 1551 3325 orta
1602 3266 1770 3327 suut
1818 3259 2004 3326 inter
2053 3277 2297 3348 regem
2351 3256 2596 3326 Dano-

587 3378 738 3427 rum
793 3367 866 3428 et
917 3359 1169 3429 ducem
1223 3355 1631 3442 Henricum,
1683 3359 1801 3449 qui
1844 3379 2053 3450 quum
2087 3356 2385 3448 Rugiam
2436 3378 2595 3427 suae

589 3458 837 3529 ditioni
889 3459 1301 3542 vindicaret,
1347 3454 1620 3551 basque
1650 3460 1989 3550 pecunias
2016 3479 2187 3528 suas
2219 3478 2391 3527 esse
2420 3478 2594 3528 eon-2

588 3557 958 3644 tenderet,
1008 3556 1314 3629 Vendos
1363 3557 1754 3630 orientales
1800 3557 2097 3630 Daniam
2152 3557 2348 3627 bello
2401 3561 2595 3651 inva-

591 3656 768 3728 dere
835 3661 1071 3752 jussit.
1202 3658 1369 3750 Quo
1446 3663 1737 3752 cognito
1800 3680 1933 3729 rex
1997 3658 2383 3730 Valdemar
2448 3656 2594 3729 filio

591 3757 1111 3854 christophoro
1167 3770 1241 3831 et
1299 3758 1652 3831 Absaloni
1703 3763 2046 3854 episcopo
2099 3782 2339 3830 curam
2390 3769 2593 3831 tuen-

589 3860 840 3932 dorum
893 3865 1099 3955 regni
1147 3861 1380 3932 finium
1435 3865 1798 3932 commisit.
1903 3858 2043 3951 Qui
2072 3883 2285 3956 quum
2312 3858 2592 3931 hostem

591 3978 749 3989 -.-.-..

663 4011 710 4080 ¹)
749 4014 996 4068 ducentos
1043 4014 1322 4084 nonaginta
1368 4013 1628 4083 quinque,
1686 4016 1744 4066 C.
1782 4016 1787 4021 ’
1900 4010 1947 4079 ²)
1995 4014 2300 4085 principie,
2359 3984 2419 4075 C,
2447 4013 2501 4076 S,
2534 4009 2593 4061 V.

586 4096 637 4170 ⁸)
673 4104 864 4160 Santoni
901 4111 1061 4168 Osna,
1099 4106 1349 4176 oppidum
1387 4104 1568 4158 insnlae
1608 4104 1846 4159 Usedom.
1991 4106 2039 4174 ⁴)
2077 4108 2160 4162 eui
2196 4108 2436 4176 subjectae
2473 4117 2595 4168 sung

586 4215 775 4250 novem
812 4199 1073 4262 dioecesea,
1109 4198 1165 4250 in
1202 4218 1421 4267 quarum
1458 4219 1578 4263 una,
1619 4202 1677 4258 C,
1692 4200 1752 4261 S,
1777 4195 1835 4251 V.
