2950 4684
302 330 377 390 c.
411 324 626 392 15-16.
802 331 897 378 nn
952 330 1261 380 nnn-ms
1315 331 1800 380 somnusuius.
2197 305 2316 392 43

301 513 601 604 visaque
654 510 820 581 mibi
872 534 1028 584 sum
1083 511 1292 585 telam
1322 524 1772 606 'suspensam
1822 511 2117 598 babere,
2170 522 2311 584 sta-

297 614 486 681 mine
542 611 734 681 lineo
789 615 943 683 cani
993 613 1295 701 coloris3
1350 612 1493 685 tela
1544 617 1922 708 suspensis
1956 613 2185 685 stabat
2211 612 2311 683 la·

298 711 608 803 pidibuS,
676 712 974 806 ipsaque
1025 713 1385 786 adstabam
1439 714 1648 785 telam
1701 724 2000 799 texens,
2077 734 2315 808 neque

297 810 592 882 multum
645 825 1108 903 processerat
1159 817 1443 907 operis,
1496 823 1574 884 ut
1599 814 1766 884 mibi
1815 816 2069 886 visum.
2134 812 2310 884 Cum

297 932 477 982 vero
530 911 1008 1003 percutiebam
1065 914 1372 1006 (spatha)
1426 914 1679 1001 telam,
1746 936 1929 985 unus
1994 934 2088 983 ex
2140 912 2311 1006 lapi-

300 1011 512 1081 dibus
565 1014 866 1082 stamine
925 1019 1302 1108 suspensis
1372 1016 1464 1085 de
1528 1013 1694 1085 telae
1747 1034 2027 1085 aversae
2081 1013 2313 1084 media

298 1121 502 1205 parte
556 1110 743 1180 forte
800 1112 1097 1202 decidit3
1153 1137 1360 1208 quem
1414 1137 1572 1186 cum
1625 1113 2117 1201 sustulissem,
2168 1116 2314 1183 ani-

297 1234 485 1281 mum
540 1212 854 1299 adverti,
923 1212 1060 1285 bos
1111 1214 1391 1308 lapides
1442 1214 1611 1284 nibil
1678 1236 1847 1285 esse
1899 1217 2036 1284 nisi
2087 1218 2316 1307 capita

299 1310 621 1382 bumana.
743 1312 1065 1408 Cumque
1135 1315 1275 1387 boc
1341 1326 1587 1408 caput,
1668 1315 1860 1409 quod
1923 1336 1963 1384 a
2014 1317 2313 1385 stamine

300 1412 668 1504 abruptum
715 1425 888 1499 erat,
940 1414 1421 1502 sustulissem,
1473 1438 1680 1486 manu
1712 1417 1929 1500 tenui,
1980 1416 2314 1484 animum-

301 1533 441 1605 que
495 1512 883 1584 advertens
950 1519 1228 1606 agnovi.
1345 1515 1789 1601 sciscitanti,
1855 1518 2057 1608 cujus
2108 1523 2319 1607 capnt

300 1611 580 1697 fuisset,
620 1615 1036 1706 respondet,
1079 1618 1278 1708 regis
1310 1616 1599 1687 Haraldi
1626 1615 1876 1687 Gormi
1910 1616 2027 1685 filii
2064 1613 2315 1700 fuisse,

300 1710 616 1791 Palnere
684 1718 1028 1785 somnium
1099 1716 1269 1786 boni
1337 1720 1592 1788 ominis
1659 1737 1828 1786 esse
1883 1715 2316 1801 declarante,

300 1811 566 1905 illaque
622 1835 830 1883 omen
895 1819 1310 1909 accipiente.
1429 1817 1721 1888 Deinde
1775 1840 1928 1887 cum
1985 1825 2317 1910 quantum

301 1910 481 2006 ip'sis
537 1916 979 1986 commodum
1014 1925 1217 1988 esset
1246 1920 1472 1988 visum
1504 1920 1847 2010 temporis
1880 1916 2317 1987 celebrando

302 2016 631 2085 convivio
681 2018 1216 2102 insumsissent,
1286 2016 1498 2088 Ottar
1562 2019 1858 2108 dynasta
1915 2018 2193 2086 domum
2248 2017 2319 2082 in

303 2112 636 2185 Gothiam
692 2121 1109 2203 revertitur,
1177 2115 1388 2186 lectis
1441 2127 1515 2187 et
1566 2115 1964 2208 splendidis
2016 2117 2317 2185 muneri-

302 2213 436 2286 bus
491 2215 813 2287 donatus
927 2218 1115 2289 Novi
1185 2219 1574 2309 conjuges,
1651 2215 1832 2286 bona
1900 2214 2317 2311 placidaque

302 2317 820 2387 consvetudine
885 2319 1273 2412 intimoque
1345 2340 1589 2389 amore
1653 2321 1916 2410 Juncti,
1989 2339 2131 2388 non
2199 2318 2317 2387 diu

302 2420 797 2503 convixerant,
850 2441 1005 2488 cum
1062 2417 1271 2489 filium
1326 2428 1826 2512 procrearunt,
1891 2421 2007 2489 cui
2058 2438 2317 2487 nomen

301 2511 702 2587 Paluatokii
753 2519 1044 2589 inditum
1101 2529 1232 2591 est.
1332 2519 1404 2589 ls
1458 2521 1646 2590 domi
1705 2521 1924 2611 patris
1972 2521 2040 2587 in
2071 2515 2317 2587 Fionia

303 2616 663 2704 adolevit,
732 2622 1093 2713 primaque
1147 2622 1287 2711 jam
1342 2630 1552 2690 aetate
1607 2621 1977 2713 prudentia
2033 2628 2107 2688 et
2156 2638 2315 2710 gra-

305 2719 397 2788 tia
433 2718 698 2806 floruit3
752 2728 901 2790 toto
939 2723 1098 2791 vitae
1130 2730 1384 2790 tenore
1427 2725 1776 2789 neminem
1815 2722 2064 2809 magiS,
2112 2739 2318 2809 quam

303 2816 589 2904 Alfium,
642 2829 961 2913 patruum
995 2842 1224 2904 suum,
1253 2818 1635 2889 referebat.
1739 2817 2059 2909 Cumque
2089 2816 2317 2886 breve

280 2930 587 3010 -tempus
637 2919 941 3006 abierat,
1012 2939 1101 2988 ex
1172 2940 1312 3014 quo
1374 2917 1841 2989 Palnatokius
1913 2938 2005 2987 ex
2070 2917 2319 3011 pueris

306 3032 766 3107 excesserat,
817 3019 1117 3106 Palner,
1186 3029 1386 3114 pater
1440 3024 1630 3112 ejuS,
1699 3017 2014 3089 morbum
2069 3026 2317 3090 nactus

309 3129 455 3204 est,
525 3142 670 3213 quo
724 3122 974 3192 morbo
1025 3133 1321 3193 mortem
1376 3122 1589 3207 obiit,
1642 3142 1878 3193 curam
1936 3123 2155 3192 totius
2209 3119 2315 3187 rei

308 3216 664 3292 familiaris
692 3221 1115 3294 Paluatokio
1167 3222 1301 3294 sub
1354 3222 1575 3294 tutela
1623 3225 1862 3292 matris
1908 3223 2315 3314 recipiente.

309 3318 475 3405 Hie,
526 3331 605 3392 ut
633 3325 924 3415 primum
959 3344 1091 3415 per
1140 3335 1418 3395 aetatem
1451 3323 1667 3409 licuit,
1720 3320 2090 3392 aestatibus
2142 3338 2313 3411 ope-

307 3442 452 3490 ram
485 3425 800 3514 piraticae
830 3446 1157 3511 navasse,
1211 3424 1609 3517 multasque
1662 3434 1897 3493 terras
1932 3419 2317 3512 praedando

308 3519 578 3592 obiisse
631 3525 902 3596 dicitur.

510 3623 628 3693 16.
729 3625 1012 3698 Dicitur
1063 3621 1295 3716 aliqua
1346 3635 1632 3710 aestate,
1694 3634 1893 3694 m'ore
1944 3620 2160 3694 solito
2212 3624 2316 3713 pi-

311 3725 595 3794 raticam
635 3746 1020 3812 exercens,
1075 3722 1448 3793 duodecim
1506 3744 1728 3794 naves
1799 3723 1987 3794 bene
2055 3724 2315 3790 instru-

164 3836 175 3841 “
309 3831 460 3894 ctas
513 3823 873 3897 habuisse.
976 3825 1056 3896 Id
1109 3826 1451 3917 temporis
1507 3825 1802 3916 dynasta
1836 3823 2136 3917 quidam,
2189 3841 2313 3890 no-

309 3926 493 3993 mine
527 3922 823 3997 Stefuer
845 3925 1338 4020 (Stephanus),
1373 3922 1757 3993 Britanniae
1790 3922 2097 4015 praesuit3
2152 3917 2317 3988 huic

307 4022 445 4095 filia
496 4024 662 4113 fuit,
729 4031 1008 4098 nomine
1072 4025 1340 4111 Olava,
1419 4044 1566 4094 non
1630 4026 1855 4093 minus
1921 4019 2315 4114 prudentia,

308 4146 509 4219 quam
564 4129 812 4218 gratia,
866 4128 1164 4215 florens3
1218 4148 1376 4222 quae
1430 4122 1740 4197 conditio
1775 4120 1962 4194 adeo
1991 4118 2312 4193 excelle-
