2950 4684
552 272 729 363 m
1092 299 1458 351 nis-roma
1513 300 2031 353 unumunurn.
2248 296 2322 359 c.
2351 293 2574 362 68-69.

552 504 684 578 par
734 484 887 576 pari
938 481 1282 572 referam3
1334 504 1515 569 uam,
1571 491 1647 553 ut
1697 484 1995 576 primum
2047 482 2260 557 {idem
2313 484 2569 556 Daniae

555 586 947 679 principum
998 592 1436 655 consecutus
1490 603 1655 667 ero,
1721 586 2039 655 evocatis
2091 605 2185 655 ex
2237 594 2390 657 toto
2442 588 2568 655 im-

556 689 760 779 perio
813 705 978 756 meo
1030 687 1280 777 copiis,
1331 681 1595 753 bellum
1652 683 1814 754 duci
1848 681 2571 772 Baldvinioinseram‚

552 789 880 880 istosque
931 806 1183 857 omnes
1234 792 1340 856 tot
1388 783 1898 856 calamitatibus
1949 784 2305 872 adiiciam,
2357 797 2431 858 ut
2481 807 2571 858 se

555 889 889 979 recipere
942 907 1290 980 nunquam
1342 887 1640 977 possint.
1745 882 1919 954 Inde
1973 906 2220 978 regem
2252 891 2569 959 tantain-

554 989 780 1060 cessit
827 990 1037 1059 animi
1092 984 1541 1058 vehementia
1596 993 1671 1055 et
1719 984 2142 1076 indignatio,
2194 997 2270 1059 ut
2317 1009 2412 1059 ne
2466 988 2569 1058 di·

554 1091 703 1182 gito
755 1090 1040 1181 quidem
1094 1089 1360 1178 adtingi
1400 1094 1672 1178 posset.
1776 1083 2007 1175 Quam
2031 1086 2125 1156 ob
2158 1108 2307 1158 rem
2341 1087 2569 1159 Svein

552 1187 883 1269 omuibus
935 1187 1215 1281 gaudiis
1266 1189 1565 1278 gavisus
1617 1195 1770 1271 est,
1848 1187 2040 1280 quod
2110 1187 2316 1261 salvo
2367 1189 2568 1258 abire

554 1288 897 1360 licuisset.
999 1287 1187 1359 Post
1249 1286 1408 1359 haee
1457 1286 1721 1358 fratres
1771 1287 1860 1357 ad
1912 1308 2037 1358 res
2105 1309 2277 1360 suas
2327 1289 2567 1361 redie-

552 1398 737 1475 ruut,
790 1410 1041 1461 omnes
1089 1388 1430 1481 pecunias
1482 1389 1554 1456 in
1605 1409 1819 1458 uuum
1844 1387 2307 1480 redegerunt,
2358 1411 2569 1483 quas-

555 1490 714 1562 dam
765 1490 853 1561 ab
908 1491 1152 1562 amicis
1219 1490 1731 1580 aut-cognatis
1799 1498 2078 1560 mutuas
2137 1502 2570 1576 sumserunt,

554 1591 822 1685 praedia
890 1612 1018 1662 sua
1087 1593 1335 1682 partim
1387 1587 1900 1675 vendiderunt,
1981 1592 2225 1682 partim
2288 1593 2571 1683 pignori

555 1701 1063 1784 opposuerunt.
1132 1689 1518 1783 Quumque
1550 1693 1997 1762 constitutam
2026 1694 2352 1784 pecuniae
2377 1712 2568 1762 sum-

553 1813 734 1864 mam
787 1792 1239 1876 effecissent,
1308 1789 1754 1862 occidentem
1807 1811 2072 1863 versus
2122 1794 2196 1861 in
2244 1788 2568 1862 Flaemin-

555 1896 741 1987 g‘nm
793 1893 883 1964 ad
938 1892 1190 1965 ducem
1245 1889 1688 1964 Baldvinium
1744 1890 2068 1984 profecti,
2119 1892 2207 1962 ab
2263 1912 2353 1963 eo
2389 1891 2567 1963 libe-

552 1993 805 2073 raliter
853 1996 1140 2087 excepti
1191 2002 1374 2064 suut.
1480 1992 1616 2063 Hic
1670 2015 1879 2091 quum
1934 1992 2299 2086 paulisper
2323 1995 2570 2064 morati

557 2104 847 2183 essent,
906 2098 1347 2189 pensionem
1414 2096 1741 2188 pecuniae
1805 2097 2329 2187 praestiterunt,
2405 2115 2568 2186 quae

556 2200 785 2267 omnis
835 2198 1135 2289 pecunia
1188 2216 1362 2267 auro
1419 2203 1494 2264 et
1554 2205 1763 2269 cocto
1817 2203 2115 2285 argento
2168 2194 2568 2282 constabat3

551 2298 846 2390 iusuper
896 2295 1059 2366 duci
1111 2293 1268 2388 [res
1320 2297 1677 2386 pretiosas
1731 2292 2233 2382 lectissimas1‚
2314 2317 2446 2367 sua
2498 2297 2569 2364 in

551 2405 745 2469 terra
775 2416 999 2482 raras,
1053 2396 1243 2466 dono
1279 2393 1654 2464 dederunt.
1756 2392 1934 2465 Tum
1972 2398 2153 2467 dux:
2206 2397 2386 2468 hane
2417 2417 2568 2465 rem

556 2495 953 2568 liberaliter
1015 2505 1090 2567 et
1152 2517 1309 2567 cum
1360 2493 1504 2565 fide
1555 2498 2024 2586 praestitistis3
2109 2521 2319 2591 quum
2355 2517 2568 2595 ‘vero

554 2600 810 2685 sciam,
888 2618 1026 2669 vos
1079 2617 1222 2668 non
1273 2596 1460 2667 adeo
1517 2594 1781 2667 divitiis
1833 2595 2219 2684 abundare,
2300 2614 2379 2669 ut
2428 2619 2570 2668 non

552 2695 894 2772 maxima²
946 2720 1114 2793 pars
1144 2697 1577 2769 fortunarum
1621 2708 2015 2768 vestrarum
2049 2700 2118 2767 in
2150 2708 2285 2769 tam
2319 2699 2568 2791 grandi

551 2804 880 2897 pecuniae
930 2821 1199 2872 summa
1252 2800 1338 2871 ad
1392 2820 1510 2869 me
1561 2799 1879 2883 redierit,
1931 2798 2113 2870 haue
2163 2821 2304 2892 ego
2359 2798 2568 2871 vobis
2647 2875 2652 2879 ,

552 2905 924 2997 pecuniam
979 2903 1297 2987 remitto,
1359 2900 1656 2990 adjectis
1709 2901 1957 2990 gratiis
2009 2902 2187 2972 meis
2237 2901 2569 2973 auiicitia·

554 3022 735 3095 que3
809 2999 968 3071 haee
1027 3020 1205 3071 vero
1274 3000 1455 3071 dona
1524 3002 1881 3092 accipiam.
1980 2998 2090 3072 llli
2143 2999 2570 3093 multiplices

557 3103 626 3171 ei
683 3121 814 3194 pro
865 3121 998 3171 sua
1048 3102 1538 3191 generositate
1582 3102 1846 3191 gratias
1874 3111 2196 3193 egerunt.
2298 3100 2566 3173 Ibidem

553 3198 762 3273 brevi
792 3202 1224 3284 commorati,
1255 3222 1463 3294 quum
1503 3199 1591 3270 ad
1612 3199 2010 3272 abeundum
2046 3206 2263 3295 parati
2297 3210 2569 3287 essent,

555 3303 831 3374 eximiis
882 3299 1295 3374 muneribus
1352 3321 1390 3369 a
1444 3299 1655 3371 Duce
1698 3302 1933 3373 donati
1965 3306 2396 3375 amicissime
2425 3303 2567 3372 dis-

555 3413 951 3476 cesserunt.
1051 3400 1132 3472 In
1181 3401 1480 3472 Daniam
1537 3406 1814 3473 reversi
1853 3404 2138 3496 praediis
2166 3407 2321 3476 suis
2356 3405 2570 3498 quieti

554 3503 1063 3590 consederunt,
1117 3523 1354 3597 neque
1406 3505 1566 3593 regi
1618 3501 1854 3574 Olavo
1902 3526 2191 3598 operam
2219 3527 2417 3576 suam
2464 3503 2569 3573 lo-

555 3613 820 3677 carunt.
925 3601 1383 3697 Thorgunnae
1434 3602 1560 3673 filii
1607 3607 1676 3675 in
1706 3627 2001 3676 numero
2024 3604 2569 3677 fortissimorum

554 3700 862 3779 virorum
914 3726 1204 3799 semper
1255 3703 1465 3775 habiti
1523 3714 1705 3776 sunt.

1158 3801 1421 3876 Obitus
1469 3808 1674 3899 reyis
1733 3801 1971 3876 Olaoi.

716 3905 876 3977 “69.
980 3903 1256 3977 Olavus
1306 3904 1603 3977 Sveinis
1655 3904 1844 3975 filius
1875 3907 1947 3974 in
1978 3905 2417 3976 matrimonio
2450 3901 2572 3972 ba-

646 4063 696 4132 ¹)
731 4085 963 4132 munera,
998 4063 1208 4120 eximios
1245 4083 1408 4135 equos
1442 4077 1494 4116 et
1525 4060 1785 4133 accipitres
1820 4061 2048 4132 aliasque
2082 4081 2179 4126 res,
2225 4057 2283 4114 F.
2374 4057 2424 4125 ²)
2461 4081 2577 4113 ma-

556 4176 675 4229 gna,
710 4155 772 4209 F.

2916 2230 2930 2271 J·
2923 2038 2932 2201 -..-....——..
2925 1948 2934 1985 -,,
2925 1784 2934 1901 -

2908 3578 2932 3633 Λ
2909 3454 2933 3511 -ἢ-
