2950 4684
357 330 435 392 c.
465 326 571 391 36..
887 333 985 380 nn
1033 333 1344 381 »muns
1388 333 1868 382 :muamus-
2254 306 2374 398 ω

357 536 497 587 vros
545 535 785 607 agam,
853 525 1068 607 atque
1110 516 1228 585 sic
1294 535 1538 606 agam,
1607 524 1688 586 ut
1733 513 1995 588 confiat
2044 537 2211 604 res,
2281 518 2374 591 de

357 636 496 709 qua
546 636 736 685 nune
787 635 1025 685 coram
1097 625 1173 686 te
1224 618 1361 707 egi.
1486 613 1642 689 Hoc
1696 613 1934 687 habito
1987 615 2373 711 colloquio,

356 714 779 808 Sigvaldius
830 729 986 785 cum
1041 719 1243 802 suis,
1268 717 1515 807 viginti
1569 715 1715 786 illis
1751 725 1826 787 et
1860 726 2142 788 centum
2176 720 2372 804 viris,

355 838 731 901 reversuS,
786 836 1035 906 regem
1064 814 1403 888 Sveinem
1436 820 1789 888 convenit.
1890 816 2233 888 Protinus
2283 818 2370 890 ab

353 938 541 1009 rege
559 920 1068 1007 iuterrogatus,
1120 927 1196 987 ut
1248 919 1318 986 ei
1381 920 1744 1007 negotium
1783 922 2176 990 cessisset:
2231 918 2371 992 hoc

345 1020 491 1108 jam
544 1020 616 1086 in
666 1026 806 1101 tua,
859 1016 1177 1103 domine,
1247 1026 1604 1108 potestate
1657 1020 1863 1089 situm
1917 1028 2066 1105 est,
2134 1023 2371 1112 inquit.

354 1116 561 1188 Rex:
617 1118 975 1210 quomodo
1025 1119 1260 1188 istoc?
1314 1116 1414 1187 Ita
1466 1117 1768 1205 scilicet,
1821 1122 2043 1212 inquit
2091 1118 2370 1210 Sigval-

357 1217 542 1301 ἀίεις,
596 1221 660 1287 si
717 1238 807 1287 eo
862 1218 1314 1288 descendere
1363 1216 1574 1303 velis,
1628 1230 1708 1288 ut
1749 1217 2001 1290 tributa
2037 1223 2191 1312 regi
2220 1218 2370 1292 Bu-

355 1315 622 1388 rizlavo
678 1320 1012 1404 remittaS,
1063 1329 1435 1411 autequam
1493 1319 1614 1388 tibi
1646 1318 1855 1389 filiam
1890 1329 2073 1390 tuam
2116 1324 2184 1392 in
2228 1343 2366 1390 m-

354 1420 748 1489 trimonium
804 1418 961 1506 det3
1016 1428 1093 1489 et
1146 1439 1238 1487 eo
1292 1417 1442 1503 tihi,
1497 1419 1802 1505 domine,
1855 1423 2104 1491 merito
2141 1425 2368 1513 respi-

354 1518 682 1589 ciendum
739 1528 892 1604 est,
957 1520 1146 1613 quod
1204 1540 1295 1589 eo
1350 1528 1627 1590 mortuo
1684 1524 1914 1590 omnia
1971 1523 2130 1613 ejus
2177 1521 2368 1594 hona

353 1618 481 1689 tihi
531 1620 828 1704 cedent,
899 1629 973 1689 et
1025 1622 1271 1711 maJ'ori
1323 1619 1453 1692 tihi.
1500 1618 1753 1690 honori
1807 1625 1966 1707 erit,
2031 1643 2370 1694 socerum

353 1718 626 1789 habere
670 1722 926 1790 nemini
960 1718 1416 1811 vectigalem3
1477 1723 1770 1792 minoris
1805 1725 1987 1794 enim
2019 1725 2368 1794 aestimam

351 1830 469 1890 tur
518 1839 778 1911 regeS,
842 1822 960 1913 qui
1024 1819 1282 1891 tributa
1335 1821 1681 1913 pendent,
1752 1844 1954 1915 quam
2022 1826 2144 1917 qui
2208 1845 2369 1893 nou.

353 1918 456 1991 lta
511 1918 965 2012 SigvaldiuS,
1018 1924 1131 1991 cui
1180 1942 1321 1991 nec
1370 1922 1747 2014 prudentia
1797 1926 1936 1993 ne'c
1985 1922 2371 1994 verborum

354 2023 560 2113 copia
632 2021 965 2107 deesset,
1045 2020 1284 2091 multis
1350 2021 1583 2091 modis
1651 2025 1808 2113 regi
1875 2020 2126 2093 Sveini
2212 2022 2372 2094 haee

356 2120 663 2214 probare
717 2132 1014 2192 conatus
1081 2132 1230 2206 est,
1314 2143 1406 2192 eo
1460 2121 1739 2192 tandem
1814 2125 1918 2191 rei
1992 2125 2227 2207 exitu,
2297 2133 2374 2196 ut

355 2223 547 2315 quod
616 2222 915 2292 dederat
968 2220 1382 2313 Sigvaldius
1454 2222 1821 2293 consilium
1891 2227 2049 2316 regi
2114 2223 2369 2316 proha·-

355 2333 577 2408 retur,
647 2344 926 2416 rexque
978 2322 1271 2393 confieri
1325 2326 1603 2416 nuptias
1660 2346 1912 2416 magno
1966 2346 2192 2417 opere
2247 2347 2369 2398 cu-

356 2433 580 2515 peret.
681 2421 925 2516 ltaque
979 2423 1344 2495 decretum
1400 2434 1537 2509 est,
1607 2428 1989 2496 constitute
2044 2436 2369 2517 tempore

354 2527 769 2615 nuptiarum,
823 2533 901 2593 ut
951 2533 1268 2618 utraeque
1322 2527 1583 2616 nuptiae
1634 2547 1776 2596 uuo
1816 2535 2139 2619 tempore
2172 2524 2368 2600 cele·

353 2623 744 2695 brai-entur.
849 2623 1025 2694 Cum
1055 2625 1239 2696 dicta
1272 2626 1429 2696 dies
1459 2626 1779 2711 adesset,
1823 2647 2086 2697 omnes
2126 2630 2368 2718 piratae

353 2722 745 2796 Jomenses
812 2725 901 2796 ad
954 2728 1353 2797 convivium
1427 2724 1738 2817 nuptiale
1806 2725 2371 2817 proficiscuntur,

355 2829 731 2896 comitante
766 2847 946 2918 rege
977 2824 1269 2896 Sveiue.
1348 2824 1722 2917 Agebatur
1748 2827 2144 2922 convivium
2184 2828 2370 2899 omni

354 2929 636 2996 nomine
691 2925 1474 3018 magnificentissimum,
1529 2935 1605 2995 ut
1656 2925 1726 2995 id
1765 2928 2108 3019 temporis
2147 2925 2371 3000 homi-

354 3047 487 3097 nes
540 3049 677 3096 nun
730 3029 1215 3112 meninissent,
1266 3025 1714 3120 splendidius
1764 3049 1968 3120 quam
2023 3026 2163 3100 hoc
2198 3050 2369 3100 cou-

352 3130 616 3198 vivium
667 3127 897 3197 fuisse
951 3130 1017 3197 in
1046 3126 1468 3199 Viudlandia
1515 3127 1972 3199 celebratum.
2072 3127 2367 3215 Ferunt,

353 3229 580 3320 primo
626 3248 961 3319 vespere,
1013 3250 1153 3321 quo
1209 3228 1442 3322 epulis
1498 3228 1924 3321 nuptialibus
1965 3230 2370 3302 adcuhitunu

355 3337 490 3413 est,
542 3349 849 3420 sponsas
905 3329 1218 3400 demisso
1265 3330 1619 3401 velamine
1651 3331 1878 3419 capita
1907 3328 2369 3423 obnupsisse,

352 3437 433 3498 ut
480 3427 725 3499 vultus
779 3450 1018 3499 earum
1085 3428 1270 3499 haud
1344 3440 1596 3501 exacte
1670 3432 1984 3521 perspici
2052 3440 2369 3522 possent.

350 3526 669 3600 Postero
722 3550 926 3601 mane
983 3530 1258 3598 eaedem
1299 3551 1634 3624 perquam
1670 3527 1941 3600 hilares
1970 3541 2202 3617 erant,
2244 3552 2368 3602 ue,

351 3650 493 3721 que
544 3633 772 3723 capita
824 3628 1161 3701 velarant.
1263 3628 1440 3700 Tum
1496 3621 1630 3699 rex'
1672 3627 1895 3701 Svein
1948 3632 2210 3704 vultum
2246 3632 2368 3701 ha*

350 3750 505 3800 rum
558 3751 886 3802 sororum
962 3729 1344 3822 diligenter
1408 3729 1926 3823 contemplatus
1981 3743 2124 3803 est:
2193 3753 2366 3804 neu-

350 3838 526 3901 tram
580 3835 764 3901 enim
821 3834 1018 3924 prius
1069 3852 1273 3925 quam
1326 3832 1390 3900 in
1438 3830 1577 3900 hoc
1606 3834 1937 3902 convivio
1961 3852 2365 3923 conspexe÷

348 3940 482 4018 rat,
536 3953 774 4027 neque
829 3935 896 4001 ei
952 3933 1043 4004 de
1096 3932 1318 4004 forma
1374 3952 1612 4002 earum
1667 3931 2040 4023 quidquam
2079 3941 2367 4002 consta-

348 4030 509 4120 bat,
586 4044 855 4127 praeter
907 4034 1098 4127 quod
1151 4031 1565 4127 Sigvaldius
1629 4033 1698 4100 ei
1752 4029 1843 4102 de
1899 4029 2367 4122 pulcritudine

350 4153 439 4204 ae
494 4144 872 4207 venustate
925 4133 1169 4206 harum
1201 4156 1538 4209 sororum.
1569 4128 1941 4219 retulerat3
1995 4142 2207 4229 atque
2225 4135 2366 4226 jam
