<?xml version="1.0" encoding="UTF-8"?>
<!DOCTYPE html PUBLIC "-//W3C//DTD XHTML 1.0 Transitional//EN"
    "http://www.w3.org/TR/xhtml1/DTD/xhtml1-transitional.dtd">
<html xmlns="http://www.w3.org/1999/xhtml" xml:lang="en" lang="en">
 <head>
  <title>
</title>
<meta http-equiv="Content-Type" content="text/html;charset=utf-8" />
  <meta name='ocr-system' content='tesseract 3.04.00' />
  <meta name='ocr-capabilities' content='ocr_page ocr_carea ocr_par ocr_line ocrx_word'/>
</head>
<body>
  <div class='ocr_page' id='page_1' title='image "./scriptahistoric02dengoog_0238.png"; bbox 0 0 2950 4684; ppageno 0'>
   <div class='ocr_carea' id='block_1_1' title="bbox 587 307 2602 399">
    <p class='ocr_par' dir='ltr' id='par_1_1' title="bbox 587 307 2602 399">
     <span class='ocr_line' id='line_1_1' title="bbox 587 307 2602 399; baseline 0.006 -24"><span class='ocrx_word' id='word_1_1' title='bbox 587 307 767 398; x_wconf 69' lang='lat' dir='ltr'><strong><em>m</em></strong></span> <span class='ocrx_word' id='word_1_2' title='bbox 1127 334 1493 382; x_wconf 70' lang='lat' dir='ltr'>msa-oum</span> <span class='ocrx_word' id='word_1_3' title='bbox 1547 333 2061 382; x_wconf 61' lang='lat' dir='ltr'>nonnum«.</span> <span class='ocrx_word' id='word_1_4' title='bbox 2398 334 2473 398; x_wconf 77' lang='lat' dir='ltr'>c,</span> <span class='ocrx_word' id='word_1_5' title='bbox 2498 334 2602 399; x_wconf 82' lang='lat'>40,</span> 
     </span>
    </p>
   </div>
   <div class='ocr_carea' id='block_1_2' title="bbox 588 515 2604 2122">
    <p class='ocr_par' dir='ltr' id='par_1_2' title="bbox 588 515 2604 2122">
     <span class='ocr_line' id='line_1_2' title="bbox 592 515 2602 617; baseline -0.001 -24"><span class='ocrx_word' id='word_1_6' title='bbox 592 529 764 617; x_wconf 84' lang='lat' dir='ltr'>quot</span> <span class='ocrx_word' id='word_1_7' title='bbox 832 520 1144 605; x_wconf 86' lang='lat' dir='ltr'>ducens,</span> <span class='ocrx_word' id='word_1_8' title='bbox 1221 515 1965 610; x_wconf 80' lang='lat' dir='ltr'>Borgundarholmum</span> <span class='ocrx_word' id='word_1_9' title='bbox 2033 517 2402 611; x_wconf 81' lang='lat' dir='ltr'>profectus</span> <span class='ocrx_word' id='word_1_10' title='bbox 2464 533 2602 607; x_wconf 90' lang='lat' dir='ltr'>est,</span> 
     </span>
     <span class='ocr_line' id='line_1_3' title="bbox 592 615 2602 704; baseline -0.001 -10"><span class='ocrx_word' id='word_1_11' title='bbox 592 624 968 694; x_wconf 76' lang='lat' dir='ltr'><strong>comitatus</strong></span> <span class='ocrx_word' id='word_1_12' title='bbox 1020 618 1239 691; x_wconf 83' lang='lat' dir='ltr'>fratre</span> <span class='ocrx_word' id='word_1_13' title='bbox 1289 615 1726 704; x_wconf 85' lang='lat' dir='ltr'>Benadicto,</span> <span class='ocrx_word' id='word_1_14' title='bbox 1808 622 1975 690; x_wconf 86' lang='lat' dir='ltr'>item</span> <span class='ocrx_word' id='word_1_15' title='bbox 2031 619 2314 691; x_wconf 81' lang='lat' dir='ltr'>dnobus</span> <span class='ocrx_word' id='word_1_16' title='bbox 2368 620 2602 691; x_wconf 72' lang='lat' dir='ltr'>{ratri-</span> 
     </span>
     <span class='ocr_line' id='line_1_4' title="bbox 591 717 2602 812; baseline -0 -19"><span class='ocrx_word' id='word_1_17' title='bbox 591 723 751 808; x_wconf 74' lang='lat' dir='ltr'>bns‚</span> <span class='ocrx_word' id='word_1_18' title='bbox 802 719 1071 792; x_wconf 79' lang='lat' dir='ltr'>Sveine</span> <span class='ocrx_word' id='word_1_19' title='bbox 1126 727 1200 789; x_wconf 90' lang='lat' dir='ltr'>et</span> <span class='ocrx_word' id='word_1_20' title='bbox 1255 717 1603 804; x_wconf 84' lang='lat' dir='ltr'>Astrado,</span> <span class='ocrx_word' id='word_1_21' title='bbox 1653 717 1915 805; x_wconf 80' lang='lat' dir='ltr'>DaniS,</span> <span class='ocrx_word' id='word_1_22' title='bbox 1972 741 2241 812; x_wconf 82' lang='lat' dir='ltr'>magnae</span> <span class='ocrx_word' id='word_1_23' title='bbox 2296 724 2602 792; x_wconf 88' lang='lat' dir='ltr'>auctori-</span> 
     </span>
     <span class='ocr_line' id='line_1_5' title="bbox 590 820 2603 914; baseline 0 -21"><span class='ocrx_word' id='word_1_24' title='bbox 590 826 756 894; x_wconf 82' lang='lat' dir='ltr'>tatis</span> <span class='ocrx_word' id='word_1_25' title='bbox 806 821 1181 914; x_wconf 85' lang='lat' dir='ltr'>amploque</span> <span class='ocrx_word' id='word_1_26' title='bbox 1236 840 1534 911; x_wconf 80' lang='lat' dir='ltr'>genere,</span> <span class='ocrx_word' id='word_1_27' title='bbox 1588 822 1706 912; x_wconf 86' lang='lat' dir='ltr'>qui</span> <span class='ocrx_word' id='word_1_28' title='bbox 1760 840 1853 889; x_wconf 84' lang='lat' dir='ltr'>ex</span> <span class='ocrx_word' id='word_1_29' title='bbox 1905 830 2125 890; x_wconf 84' lang='lat' dir='ltr'>matre</span> <span class='ocrx_word' id='word_1_30' title='bbox 2174 820 2603 893; x_wconf 88' lang='lat' dir='ltr'>denominati</span> 
     </span>
     <span class='ocr_line' id='line_1_6' title="bbox 591 915 2601 1014; baseline -0.001 -20"><span class='ocrx_word' id='word_1_31' title='bbox 591 921 1192 1014; x_wconf 83' lang='lat' dir='ltr'>Thorgunniades</span> <span class='ocrx_word' id='word_1_32' title='bbox 1210 919 1545 1013; x_wconf 83' lang='lat' dir='ltr'>appellati</span> <span class='ocrx_word' id='word_1_33' title='bbox 1570 928 1753 990; x_wconf 89' lang='lat' dir='ltr'>sunt.</span> <span class='ocrx_word' id='word_1_34' title='bbox 1827 915 2094 990; x_wconf 84' lang='lat' dir='ltr'>Horum</span> <span class='ocrx_word' id='word_1_35' title='bbox 2122 930 2345 991; x_wconf 87' lang='lat' dir='ltr'>mater</span> <span class='ocrx_word' id='word_1_36' title='bbox 2368 919 2601 992; x_wconf 83' lang='lat' dir='ltr'>Thor-</span> 
     </span>
     <span class='ocr_line' id='line_1_7' title="bbox 592 1019 2601 1117; baseline -0.001 -23"><span class='ocrx_word' id='word_1_37' title='bbox 592 1043 829 1117; x_wconf 84' lang='lat' dir='ltr'>gnnnn</span> <span class='ocrx_word' id='word_1_38' title='bbox 880 1031 1035 1093; x_wconf 85' lang='lat' dir='ltr'>orat</span> <span class='ocrx_word' id='word_1_39' title='bbox 1080 1019 1224 1091; x_wconf 88' lang='lat' dir='ltr'>filia</span> <span class='ocrx_word' id='word_1_40' title='bbox 1283 1019 1560 1111; x_wconf 82' lang='lat' dir='ltr'>Vagnis</span> <span class='ocrx_word' id='word_1_41' title='bbox 1614 1019 1781 1089; x_wconf 84' lang='lat' dir='ltr'>Akii</span> <span class='ocrx_word' id='word_1_42' title='bbox 1845 1019 2003 1108; x_wconf 82' lang='lat' dir='ltr'>filii3</span> <span class='ocrx_word' id='word_1_43' title='bbox 2086 1042 2269 1115; x_wconf 87' lang='lat' dir='ltr'>quos</span> <span class='ocrx_word' id='word_1_44' title='bbox 2337 1021 2601 1094; x_wconf 80' lang='lat' dir='ltr'>fratres</span> 
     </span>
     <span class='ocr_line' id='line_1_8' title="bbox 591 1118 2601 1212; baseline -0.001 -17"><span class='ocrx_word' id='word_1_45' title='bbox 591 1144 723 1195; x_wconf 84' lang='lat' dir='ltr'>rex</span> <span class='ocrx_word' id='word_1_46' title='bbox 773 1121 1060 1194; x_wconf 85' lang='lat' dir='ltr'>Knntus</span> <span class='ocrx_word' id='word_1_47' title='bbox 1110 1123 1382 1212; x_wconf 79' lang='lat' dir='ltr'>magnis</span> <span class='ocrx_word' id='word_1_48' title='bbox 1434 1124 1507 1190; x_wconf 90' lang='lat' dir='ltr'>in</span> <span class='ocrx_word' id='word_1_49' title='bbox 1538 1118 1816 1191; x_wconf 89' lang='lat' dir='ltr'>deliciis</span> <span class='ocrx_word' id='word_1_50' title='bbox 1843 1119 2101 1191; x_wconf 88' lang='lat' dir='ltr'>habuit.</span> <span class='ocrx_word' id='word_1_51' title='bbox 2205 1119 2429 1212; x_wconf 76' lang='lat' dir='ltr'>igitur</span> <span class='ocrx_word' id='word_1_52' title='bbox 2464 1143 2601 1192; x_wconf 89' lang='lat' dir='ltr'>rex</span> 
     </span>
     <span class='ocr_line' id='line_1_9' title="bbox 588 1218 2600 1313; baseline -0 -19"><span class='ocrx_word' id='word_1_53' title='bbox 588 1222 875 1294; x_wconf 80' lang='lat' dir='ltr'>Knntus</span> <span class='ocrx_word' id='word_1_54' title='bbox 945 1243 1102 1292; x_wconf 89' lang='lat' dir='ltr'>cum</span> <span class='ocrx_word' id='word_1_55' title='bbox 1163 1223 1392 1313; x_wconf 85' lang='lat' dir='ltr'>copiis</span> <span class='ocrx_word' id='word_1_56' title='bbox 1460 1220 1551 1290; x_wconf 88' lang='lat' dir='ltr'>ad</span> <span class='ocrx_word' id='word_1_57' title='bbox 1617 1218 2356 1313; x_wconf 81' lang='lat' dir='ltr'>Borgundarholmum</span> <span class='ocrx_word' id='word_1_58' title='bbox 2428 1242 2600 1293; x_wconf 89' lang='lat' dir='ltr'>con-</span> 
     </span>
     <span class='ocr_line' id='line_1_10' title="bbox 589 1317 2601 1414; baseline -0 -20"><span class='ocrx_word' id='word_1_59' title='bbox 589 1323 848 1410; x_wconf 80' lang='lat' dir='ltr'>tendit3</span> <span class='ocrx_word' id='word_1_60' title='bbox 901 1324 1105 1412; x_wconf 85' lang='lat' dir='ltr'>cujus</span> <span class='ocrx_word' id='word_1_61' title='bbox 1156 1317 1622 1414; x_wconf 75' lang='lat' dir='ltr'>profectionis</span> <span class='ocrx_word' id='word_1_62' title='bbox 1673 1341 1763 1402; x_wconf 88' lang='lat' dir='ltr'>ea</span> <span class='ocrx_word' id='word_1_63' title='bbox 1816 1324 2116 1392; x_wconf 81' lang='lat' dir='ltr'>maxime</span> <span class='ocrx_word' id='word_1_64' title='bbox 2158 1342 2412 1393; x_wconf 81' lang='lat' dir='ltr'><strong>caussa</strong></span> <span class='ocrx_word' id='word_1_65' title='bbox 2445 1320 2601 1409; x_wconf 83' lang='lat' dir='ltr'>suit,</span> 
     </span>
     <span class='ocr_line' id='line_1_11' title="bbox 590 1421 2599 1519; baseline -0 -25"><span class='ocrx_word' id='word_1_66' title='bbox 590 1423 780 1519; x_wconf 84' lang='lat' dir='ltr'>quod</span> <span class='ocrx_word' id='word_1_67' title='bbox 833 1424 1025 1494; x_wconf 88' lang='lat' dir='ltr'>scire</span> <span class='ocrx_word' id='word_1_68' title='bbox 1082 1421 1307 1493; x_wconf 87' lang='lat' dir='ltr'>voluit</span> <span class='ocrx_word' id='word_1_69' title='bbox 1368 1442 1536 1506; x_wconf 85' lang='lat' dir='ltr'>rex,</span> <span class='ocrx_word' id='word_1_70' title='bbox 1614 1422 1868 1515; x_wconf 78' lang='lat' dir='ltr'>ecquid</span> <span class='ocrx_word' id='word_1_71' title='bbox 1935 1431 2188 1515; x_wconf 88' lang='lat' dir='ltr'>posset</span> <span class='ocrx_word' id='word_1_72' title='bbox 2258 1423 2350 1491; x_wconf 89' lang='lat' dir='ltr'>de</span> <span class='ocrx_word' id='word_1_73' title='bbox 2415 1442 2599 1493; x_wconf 85' lang='lat' dir='ltr'>nave</span> 
     </span>
     <span class='ocr_line' id='line_1_12' title="bbox 588 1523 2602 1617; baseline -0.002 -20"><span class='ocrx_word' id='word_1_74' title='bbox 588 1523 1025 1614; x_wconf 83' lang='lat' dir='ltr'>Norvegica,</span> <span class='ocrx_word' id='word_1_75' title='bbox 1108 1544 1265 1617; x_wconf 82' lang='lat' dir='ltr'>quae</span> <span class='ocrx_word' id='word_1_76' title='bbox 1316 1523 1717 1607; x_wconf 82' lang='lat' dir='ltr'>interierat,</span> <span class='ocrx_word' id='word_1_77' title='bbox 1772 1526 2155 1616; x_wconf 85' lang='lat' dir='ltr'>expiscari3</span> <span class='ocrx_word' id='word_1_78' title='bbox 2235 1524 2438 1614; x_wconf 85' lang='lat' dir='ltr'>cujus</span> <span class='ocrx_word' id='word_1_79' title='bbox 2490 1526 2602 1593; x_wconf 87' lang='lat' dir='ltr'>rei</span> 
     </span>
     <span class='ocr_line' id='line_1_13' title="bbox 590 1620 2604 1716; baseline -0.001 -21"><span class='ocrx_word' id='word_1_80' title='bbox 590 1645 907 1716; x_wconf 86' lang='lat' dir='ltr'>magnam</span> <span class='ocrx_word' id='word_1_81' title='bbox 964 1643 1202 1693; x_wconf 88' lang='lat' dir='ltr'>curam</span> <span class='ocrx_word' id='word_1_82' title='bbox 1256 1642 1390 1692; x_wconf 85' lang='lat' dir='ltr'>rex</span> <span class='ocrx_word' id='word_1_83' title='bbox 1458 1620 1745 1692; x_wconf 87' lang='lat' dir='ltr'>Knutus</span> <span class='ocrx_word' id='word_1_84' title='bbox 1808 1621 2079 1708; x_wconf 87' lang='lat' dir='ltr'>hahuit,</span> <span class='ocrx_word' id='word_1_85' title='bbox 2129 1621 2604 1694; x_wconf 80' lang='lat' dir='ltr'>vehementer</span> 
     </span>
     <span class='ocr_line' id='line_1_14' title="bbox 589 1721 2599 1816; baseline -0.001 -20"><span class='ocrx_word' id='word_1_86' title='bbox 589 1728 781 1797; x_wconf 88' lang='lat' dir='ltr'>scire</span> <span class='ocrx_word' id='word_1_87' title='bbox 835 1725 1152 1816; x_wconf 88' lang='lat' dir='ltr'>cupiens,</span> <span class='ocrx_word' id='word_1_88' title='bbox 1207 1723 1372 1816; x_wconf 87' lang='lat' dir='ltr'>quid</span> <span class='ocrx_word' id='word_1_89' title='bbox 1429 1744 1514 1792; x_wconf 88' lang='lat' dir='ltr'>ea</span> <span class='ocrx_word' id='word_1_90' title='bbox 1569 1721 1824 1793; x_wconf 83' lang='lat' dir='ltr'>factum</span> <span class='ocrx_word' id='word_1_91' title='bbox 1859 1736 2078 1796; x_wconf 89' lang='lat' dir='ltr'>esset.</span> <span class='ocrx_word' id='word_1_92' title='bbox 2179 1721 2402 1795; x_wconf 82' lang='lat' dir='ltr'>Brevi</span> <span class='ocrx_word' id='word_1_93' title='bbox 2433 1745 2599 1816; x_wconf 88' lang='lat' dir='ltr'>spa-</span> 
     </span>
     <span class='ocr_line' id='line_1_15' title="bbox 588 1821 2598 1922; baseline -0.002 -24"><span class='ocrx_word' id='word_1_94' title='bbox 588 1829 688 1899; x_wconf 88' lang='lat' dir='ltr'>tio</span> <span class='ocrx_word' id='word_1_95' title='bbox 759 1844 970 1918; x_wconf 87' lang='lat' dir='ltr'>quum</span> <span class='ocrx_word' id='word_1_96' title='bbox 1039 1843 1081 1893; x_wconf 86' lang='lat' dir='ltr'>a</span> <span class='ocrx_word' id='word_1_97' title='bbox 1146 1821 1815 1922; x_wconf 79' lang='lat' dir='ltr'>Borgundarholmo</span> <span class='ocrx_word' id='word_1_98' title='bbox 1869 1825 2245 1910; x_wconf 85' lang='lat' dir='ltr'>abessent,</span> <span class='ocrx_word' id='word_1_99' title='bbox 2324 1823 2598 1895; x_wconf 88' lang='lat' dir='ltr'>insulas</span> 
     </span>
     <span class='ocr_line' id='line_1_16' title="bbox 589 1921 2599 2024; baseline -0.001 -27"><span class='ocrx_word' id='word_1_100' title='bbox 589 1925 926 2024; x_wconf 86' lang='lat' dir='ltr'>quasdam</span> <span class='ocrx_word' id='word_1_101' title='bbox 997 1921 1629 2018; x_wconf 70' lang='lat' dir='ltr'>praetervehuntur.</span> <span class='ocrx_word' id='word_1_102' title='bbox 1773 1923 1968 2011; x_wconf 86' lang='lat' dir='ltr'>Huc,</span> <span class='ocrx_word' id='word_1_103' title='bbox 2027 1924 2326 2019; x_wconf 88' lang='lat' dir='ltr'>jubente</span> <span class='ocrx_word' id='word_1_104' title='bbox 2393 1945 2599 2016; x_wconf 89' lang='lat' dir='ltr'>rege,</span> 
     </span>
     <span class='ocr_line' id='line_1_17' title="bbox 589 2024 2599 2122; baseline -0.003 -22"><span class='ocrx_word' id='word_1_105' title='bbox 589 2025 990 2122; x_wconf 85' lang='lat' dir='ltr'>appellunt3</span> <span class='ocrx_word' id='word_1_106' title='bbox 1073 2025 1539 2116; x_wconf 87' lang='lat' dir='ltr'>egrediuntur</span> <span class='ocrx_word' id='word_1_107' title='bbox 1588 2027 1659 2094; x_wconf 90' lang='lat' dir='ltr'>in</span> <span class='ocrx_word' id='word_1_108' title='bbox 1711 2035 1991 2096; x_wconf 89' lang='lat' dir='ltr'>terram.</span> <span class='ocrx_word' id='word_1_109' title='bbox 2117 2024 2281 2095; x_wconf 84' lang='lat' dir='ltr'>Rex</span> <span class='ocrx_word' id='word_1_110' title='bbox 2336 2046 2599 2096; x_wconf 84' lang='lat' dir='ltr'>secun-</span> 
     </span>
    </p>
   </div>
   <div class='ocr_carea' id='block_1_3' title="bbox 470 2125 2608 2221">
    <p class='ocr_par' dir='ltr' id='par_1_3' title="bbox 470 2125 2608 2221">
     <span class='ocr_line' id='line_1_18' title="bbox 470 2125 2608 2221; baseline -0.004 -17"><span class='ocrx_word' id='word_1_111' title='bbox 470 2199 475 2204; x_wconf 84' lang='lat'>.</span> <span class='ocrx_word' id='word_1_112' title='bbox 592 2129 755 2199; x_wconf 89' lang='lat' dir='ltr'>dum</span> <span class='ocrx_word' id='word_1_113' title='bbox 808 2135 1101 2221; x_wconf 90' lang='lat' dir='ltr'>petrosa</span> <span class='ocrx_word' id='word_1_114' title='bbox 1154 2125 1384 2197; x_wconf 90' lang='lat' dir='ltr'>litoris</span> <span class='ocrx_word' id='word_1_115' title='bbox 1436 2125 1928 2213; x_wconf 81' lang='lat' dir='ltr'>obambulanS,</span> <span class='ocrx_word' id='word_1_116' title='bbox 1989 2148 2145 2196; x_wconf 88' lang='lat' dir='ltr'>cum</span> <span class='ocrx_word' id='word_1_117' title='bbox 2197 2147 2374 2196; x_wconf 87' lang='lat' dir='ltr'>saxa</span> <span class='ocrx_word' id='word_1_118' title='bbox 2427 2133 2608 2196; x_wconf 87' lang='lat' dir='ltr'>ocu·&#39;</span> 
     </span>
    </p>
   </div>
   <div class='ocr_carea' id='block_1_4' title="bbox 588 2225 2673 4227">
    <p class='ocr_par' dir='ltr' id='par_1_4' title="bbox 588 2225 2673 4227">
     <span class='ocr_line' id='line_1_19' title="bbox 590 2225 2599 2318; baseline -0.001 -20"><span class='ocrx_word' id='word_1_119' title='bbox 590 2227 683 2299; x_wconf 90' lang='lat' dir='ltr'>lis</span> <span class='ocrx_word' id='word_1_120' title='bbox 764 2226 1398 2318; x_wconf 79' lang='lat' dir='ltr'>contemplaretur,</span> <span class='ocrx_word' id='word_1_121' title='bbox 1497 2227 2015 2312; x_wconf 87' lang='lat' dir='ltr'>animadvertit,</span> <span class='ocrx_word' id='word_1_122' title='bbox 2112 2231 2341 2297; x_wconf 90' lang='lat' dir='ltr'>omnia</span> <span class='ocrx_word' id='word_1_123' title='bbox 2408 2225 2599 2296; x_wconf 88' lang='lat' dir='ltr'>ruhi·</span> 
     </span>
     <span class='ocr_line' id='line_1_20' title="bbox 589 2324 2600 2420; baseline -0.001 -21"><span class='ocrx_word' id='word_1_124' title='bbox 589 2327 820 2399; x_wconf 90' lang='lat' dir='ltr'>cunda</span> <span class='ocrx_word' id='word_1_125' title='bbox 873 2345 1062 2396; x_wconf 89' lang='lat' dir='ltr'>esse.</span> <span class='ocrx_word' id='word_1_126' title='bbox 1166 2324 1446 2414; x_wconf 74' lang='lat' dir='ltr'>Quaerit</span> <span class='ocrx_word' id='word_1_127' title='bbox 1496 2347 1535 2394; x_wconf 88' lang='lat' dir='ltr'>a</span> <span class='ocrx_word' id='word_1_128' title='bbox 1589 2330 1778 2412; x_wconf 88' lang='lat' dir='ltr'>suis,</span> <span class='ocrx_word' id='word_1_129' title='bbox 1846 2330 1963 2419; x_wconf 85' lang='lat' dir='ltr'>qui</span> <span class='ocrx_word' id='word_1_130' title='bbox 2016 2330 2110 2398; x_wconf 90' lang='lat' dir='ltr'>ita</span> <span class='ocrx_word' id='word_1_131' title='bbox 2176 2347 2347 2398; x_wconf 89' lang='lat' dir='ltr'>esse</span> <span class='ocrx_word' id='word_1_132' title='bbox 2399 2336 2600 2420; x_wconf 88' lang='lat' dir='ltr'>puta·</span> 
     </span>
     <span class='ocr_line' id='line_1_21' title="bbox 590 2424 2600 2518; baseline -0.001 -18"><span class='ocrx_word' id='word_1_133' title='bbox 590 2436 767 2500; x_wconf 82' lang='lat' dir='ltr'>rent.</span> <span class='ocrx_word' id='word_1_134' title='bbox 866 2424 1371 2518; x_wconf 87' lang='lat' dir='ltr'>Respondent:</span> <span class='ocrx_word' id='word_1_135' title='bbox 1428 2426 1567 2495; x_wconf 88' lang='lat' dir='ltr'>hoc</span> <span class='ocrx_word' id='word_1_136' title='bbox 1611 2425 2069 2513; x_wconf 82' lang='lat' dir='ltr'>tu,‘domine,</span> <span class='ocrx_word' id='word_1_137' title='bbox 2121 2425 2333 2514; x_wconf 87' lang='lat' dir='ltr'>haud,</span> <span class='ocrx_word' id='word_1_138' title='bbox 2386 2425 2600 2497; x_wconf 84' lang='lat' dir='ltr'>dubie</span> 
     </span>
     <span class='ocr_line' id='line_1_22' title="bbox 591 2524 2673 2622; baseline -0.001 -22"><span class='ocrx_word' id='word_1_139' title='bbox 591 2530 853 2622; x_wconf 85' lang='lat' dir='ltr'>optime</span> <span class='ocrx_word' id='word_1_140' title='bbox 905 2527 1393 2619; x_wconf 81' lang='lat' dir='ltr'>perspexeris.</span> <span class='ocrx_word' id='word_1_141' title='bbox 1495 2524 1692 2596; x_wconf 86' lang='lat' dir='ltr'>Rex:</span> <span class='ocrx_word' id='word_1_142' title='bbox 1761 2530 1914 2598; x_wconf 88' lang='lat' dir='ltr'>veri</span> <span class='ocrx_word' id='word_1_143' title='bbox 1967 2526 2194 2598; x_wconf 85' lang='lat' dir='ltr'>simile</span> <span class='ocrx_word' id='word_1_144' title='bbox 2250 2529 2599 2616; x_wconf 88' lang='lat' dir='ltr'>existimo,</span> <span class='ocrx_word' id='word_1_145' title='bbox 2655 2531 2673 2556; x_wconf 75' lang='lat'>⁸</span> 
     </span>
     <span class='ocr_line' id='line_1_23' title="bbox 589 2624 2599 2722; baseline 0 -21"><span class='ocrx_word' id='word_1_146' title='bbox 589 2628 731 2701; x_wconf 86' lang='lat' dir='ltr'>hoc</span> <span class='ocrx_word' id='word_1_147' title='bbox 794 2627 959 2698; x_wconf 91' lang='lat' dir='ltr'>loco</span> <span class='ocrx_word' id='word_1_148' title='bbox 1025 2629 1259 2718; x_wconf 87' lang='lat' dir='ltr'>ignem</span> <span class='ocrx_word' id='word_1_149' title='bbox 1330 2624 1529 2716; x_wconf 87' lang='lat' dir='ltr'>larga</span> <span class='ocrx_word' id='word_1_150' title='bbox 1593 2631 1905 2698; x_wconf 80' lang='lat' dir='ltr'>materiae</span> <span class='ocrx_word' id='word_1_151' title='bbox 1955 2632 2171 2722; x_wconf 65' lang='lat' dir='ltr'>,copia</span> <span class='ocrx_word' id='word_1_152' title='bbox 2242 2627 2599 2722; x_wconf 86' lang='lat' dir='ltr'>aliquanto</span> 
     </span>
     <span class='ocr_line' id='line_1_24' title="bbox 588 2723 2602 2822; baseline -0 -20"><span class='ocrx_word' id='word_1_153' title='bbox 588 2730 931 2821; x_wconf 86' lang='lat' dir='ltr'>temporis</span> <span class='ocrx_word' id='word_1_154' title='bbox 981 2729 1212 2821; x_wconf 88' lang='lat' dir='ltr'>spatio</span> <span class='ocrx_word' id='word_1_155' title='bbox 1262 2723 1502 2798; x_wconf 84' lang='lat' dir='ltr'>alitum</span> <span class='ocrx_word' id='word_1_156' title='bbox 1555 2727 1803 2800; x_wconf 83' lang='lat' dir='ltr'>fuisse.</span> <span class='ocrx_word' id='word_1_157' title='bbox 1919 2727 2113 2799; x_wconf 86' lang='lat' dir='ltr'>Fieri</span> <span class='ocrx_word' id='word_1_158' title='bbox 2181 2739 2459 2822; x_wconf 83' lang='lat' dir='ltr'>potest,</span> <span class='ocrx_word' id='word_1_159' title='bbox 2524 2739 2602 2801; x_wconf 92' lang='lat' dir='ltr'>ut</span> 
     </span>
     <span class='ocr_line' id='line_1_25' title="bbox 592 2827 2599 2923; baseline -0.001 -20"><span class='ocrx_word' id='word_1_160' title='bbox 592 2832 915 2915; x_wconf 84' lang='lat' dir='ltr'>eveniat,</span> <span class='ocrx_word' id='word_1_161' title='bbox 998 2829 1185 2923; x_wconf 90' lang='lat' dir='ltr'>quod</span> <span class='ocrx_word' id='word_1_162' title='bbox 1259 2827 1518 2899; x_wconf 90' lang='lat' dir='ltr'>dudum</span> <span class='ocrx_word' id='word_1_163' title='bbox 1590 2831 1819 2899; x_wconf 89' lang='lat' dir='ltr'>animo</span> <span class='ocrx_word' id='word_1_164' title='bbox 1886 2831 2261 2922; x_wconf 77' lang='lat' dir='ltr'>praesagivi</span> <span class='ocrx_word' id='word_1_165' title='bbox 2335 2830 2429 2898; x_wconf 92' lang='lat' dir='ltr'>de</span> <span class='ocrx_word' id='word_1_166' title='bbox 2494 2849 2599 2915; x_wconf 88' lang='lat' dir='ltr'>re,</span> 
     </span>
     <span class='ocr_line' id='line_1_26' title="bbox 591 2926 2599 3026; baseline 0 -25"><span class='ocrx_word' id='word_1_167' title='bbox 591 2953 750 3026; x_wconf 86' lang='lat' dir='ltr'>quae</span> <span class='ocrx_word' id='word_1_168' title='bbox 802 2931 890 3001; x_wconf 90' lang='lat' dir='ltr'>ad</span> <span class='ocrx_word' id='word_1_169' title='bbox 946 2949 1058 2998; x_wconf 87' lang='lat' dir='ltr'>me</span> <span class='ocrx_word' id='word_1_170' title='bbox 1114 2938 1188 2999; x_wconf 90' lang='lat' dir='ltr'>et</span> <span class='ocrx_word' id='word_1_171' title='bbox 1235 2926 1518 3020; x_wconf 86' lang='lat' dir='ltr'>Egilem</span> <span class='ocrx_word' id='word_1_172' title='bbox 1571 2934 1914 3022; x_wconf 83' lang='lat' dir='ltr'>pertinet3</span> <span class='ocrx_word' id='word_1_173' title='bbox 1978 2951 2212 3024; x_wconf 91' lang='lat' dir='ltr'>neque</span> <span class='ocrx_word' id='word_1_174' title='bbox 2266 2932 2407 3022; x_wconf 86' lang='lat' dir='ltr'>jam</span> <span class='ocrx_word' id='word_1_175' title='bbox 2465 2940 2599 3016; x_wconf 87' lang='lat' dir='ltr'>est,</span> 
     </span>
     <span class='ocr_line' id='line_1_27' title="bbox 591 3027 2600 3124; baseline 0 -24"><span class='ocrx_word' id='word_1_176' title='bbox 591 3030 781 3124; x_wconf 87' lang='lat' dir='ltr'>quod</span> <span class='ocrx_word' id='word_1_177' title='bbox 838 3027 1295 3113; x_wconf 74' lang='lat' dir='ltr'>dissimulem,</span> <span class='ocrx_word' id='word_1_178' title='bbox 1346 3031 1443 3100; x_wconf 87' lang='lat' dir='ltr'>ait</span> <span class='ocrx_word' id='word_1_179' title='bbox 1493 3050 1663 3117; x_wconf 88' lang='lat' dir='ltr'>rex,</span> <span class='ocrx_word' id='word_1_180' title='bbox 1716 3040 1965 3123; x_wconf 85' lang='lat' dir='ltr'>putare</span> <span class='ocrx_word' id='word_1_181' title='bbox 2017 3051 2164 3117; x_wconf 86' lang='lat' dir='ltr'>me,</span> <span class='ocrx_word' id='word_1_182' title='bbox 2216 3030 2396 3101; x_wconf 88' lang='lat' dir='ltr'>hanc</span> <span class='ocrx_word' id='word_1_183' title='bbox 2449 3051 2600 3100; x_wconf 88' lang='lat' dir='ltr'>rem</span> 
     </span>
     <span class='ocr_line' id='line_1_28' title="bbox 590 3127 2601 3225; baseline 0.001 -25"><span class='ocrx_word' id='word_1_184' title='bbox 590 3130 891 3200; x_wconf 82' lang='lat' dir='ltr'>humana</span> <span class='ocrx_word' id='word_1_185' title='bbox 976 3150 1198 3221; x_wconf 88' lang='lat' dir='ltr'>opera</span> <span class='ocrx_word' id='word_1_186' title='bbox 1277 3127 1563 3216; x_wconf 83' lang='lat' dir='ltr'>factam,</span> <span class='ocrx_word' id='word_1_187' title='bbox 1644 3131 1833 3224; x_wconf 87' lang='lat' dir='ltr'>quod</span> <span class='ocrx_word' id='word_1_188' title='bbox 1918 3151 2085 3201; x_wconf 89' lang='lat' dir='ltr'>mox</span> <span class='ocrx_word' id='word_1_189' title='bbox 2161 3133 2601 3225; x_wconf 78' lang='lat' dir='ltr'>experientia</span> 
     </span>
     <span class='ocr_line' id='line_1_29' title="bbox 592 3227 2599 3330; baseline -0.001 -26"><span class='ocrx_word' id='word_1_190' title='bbox 592 3230 899 3304; x_wconf 82' lang='lat' dir='ltr'>docebit.</span> <span class='ocrx_word' id='word_1_191' title='bbox 1000 3228 1159 3300; x_wconf 85' lang='lat' dir='ltr'>Hoc</span> <span class='ocrx_word' id='word_1_192' title='bbox 1208 3227 1373 3300; x_wconf 85' lang='lat' dir='ltr'>loco</span> <span class='ocrx_word' id='word_1_193' title='bbox 1428 3232 1498 3298; x_wconf 88' lang='lat' dir='ltr'>in</span> <span class='ocrx_word' id='word_1_194' title='bbox 1557 3234 1888 3330; x_wconf 80' lang='lat' dir='ltr'>praesenti</span> <span class='ocrx_word' id='word_1_195' title='bbox 1944 3232 2206 3302; x_wconf 91' lang='lat' dir='ltr'>diutius</span> <span class='ocrx_word' id='word_1_196' title='bbox 2260 3254 2400 3302; x_wconf 88' lang='lat' dir='ltr'>non</span> <span class='ocrx_word' id='word_1_197' title='bbox 2453 3229 2599 3301; x_wconf 87' lang='lat' dir='ltr'>hae·</span> 
     </span>
     <span class='ocr_line' id='line_1_30' title="bbox 591 3328 2599 3425; baseline -0.002 -22"><span class='ocrx_word' id='word_1_198' title='bbox 591 3331 926 3403; x_wconf 87' lang='lat' dir='ltr'>rebimus.</span> <span class='ocrx_word' id='word_1_199' title='bbox 1024 3328 1272 3424; x_wconf 86' lang='lat' dir='ltr'>Itaque</span> <span class='ocrx_word' id='word_1_200' title='bbox 1323 3351 1494 3417; x_wconf 86' lang='lat' dir='ltr'>rex,</span> <span class='ocrx_word' id='word_1_201' title='bbox 1557 3353 1699 3424; x_wconf 86' lang='lat' dir='ltr'>quo</span> <span class='ocrx_word' id='word_1_202' title='bbox 1753 3334 2253 3419; x_wconf 87' lang='lat' dir='ltr'>constituerat,</span> <span class='ocrx_word' id='word_1_203' title='bbox 2314 3342 2599 3425; x_wconf 86' lang='lat' dir='ltr'>perten-</span> 
     </span>
     <span class='ocr_line' id='line_1_31' title="bbox 594 3429 2603 3526; baseline -0.002 -22"><span class='ocrx_word' id='word_1_204' title='bbox 594 3434 716 3519; x_wconf 83' lang='lat' dir='ltr'>dit,</span> <span class='ocrx_word' id='word_1_205' title='bbox 769 3452 1137 3526; x_wconf 86' lang='lat' dir='ltr'>propeque</span> <span class='ocrx_word' id='word_1_206' title='bbox 1190 3453 1230 3501; x_wconf 90' lang='lat' dir='ltr'>a</span> <span class='ocrx_word' id='word_1_207' title='bbox 1282 3429 1448 3502; x_wconf 90' lang='lat' dir='ltr'>villa</span> <span class='ocrx_word' id='word_1_208' title='bbox 1503 3430 1737 3523; x_wconf 84' lang='lat' dir='ltr'>Egilis</span> <span class='ocrx_word' id='word_1_209' title='bbox 1769 3429 2179 3523; x_wconf 85' lang='lat' dir='ltr'>Sangvibihi</span> <span class='ocrx_word' id='word_1_210' title='bbox 2233 3437 2410 3503; x_wconf 87' lang='lat' dir='ltr'>strui</span> <span class='ocrx_word' id='word_1_211' title='bbox 2465 3430 2603 3502; x_wconf 86' lang='lat' dir='ltr'>sibi</span> 
     </span>
     <span class='ocr_line' id='line_1_32' title="bbox 593 3529 2598 3625; baseline -0.001 -23"><span class='ocrx_word' id='word_1_212' title='bbox 593 3535 988 3603; x_wconf 86' lang='lat' dir='ltr'>convivium</span> <span class='ocrx_word' id='word_1_213' title='bbox 1034 3531 1260 3623; x_wconf 88' lang='lat' dir='ltr'>jubet.</span> <span class='ocrx_word' id='word_1_214' title='bbox 1362 3529 1527 3623; x_wconf 76' lang='lat' dir='ltr'>Egi!</span> <span class='ocrx_word' id='word_1_215' title='bbox 1584 3532 1773 3602; x_wconf 87' lang='lat' dir='ltr'>domi</span> <span class='ocrx_word' id='word_1_216' title='bbox 1825 3555 1975 3603; x_wconf 88' lang='lat' dir='ltr'>suae</span> <span class='ocrx_word' id='word_1_217' title='bbox 2025 3555 2343 3625; x_wconf 82' lang='lat' dir='ltr'>maguam</span> <span class='ocrx_word' id='word_1_218' title='bbox 2376 3532 2598 3603; x_wconf 86' lang='lat' dir='ltr'>homi-</span> 
     </span>
     <span class='ocr_line' id='line_1_33' title="bbox 592 3630 2600 3727; baseline -0 -25"><span class='ocrx_word' id='word_1_219' title='bbox 592 3655 753 3703; x_wconf 88' lang='lat' dir='ltr'>num</span> <span class='ocrx_word' id='word_1_220' title='bbox 806 3630 1316 3702; x_wconf 78' lang='lat' dir='ltr'>multitudinem</span> <span class='ocrx_word' id='word_1_221' title='bbox 1370 3630 1652 3716; x_wconf 86' lang='lat' dir='ltr'>habuit,</span> <span class='ocrx_word' id='word_1_222' title='bbox 1721 3643 1932 3727; x_wconf 83' lang='lat' dir='ltr'>atque</span> <span class='ocrx_word' id='word_1_223' title='bbox 1988 3654 2422 3727; x_wconf 80' lang='lat' dir='ltr'>magnopere</span> <span class='ocrx_word' id='word_1_224' title='bbox 2477 3633 2600 3702; x_wconf 90' lang='lat' dir='ltr'>mi-</span> 
     </span>
     <span class='ocr_line' id='line_1_34' title="bbox 592 3730 2603 3825; baseline -0.001 -21"><span class='ocrx_word' id='word_1_225' title='bbox 592 3732 926 3804; x_wconf 88' lang='lat' dir='ltr'>rabantur</span> <span class='ocrx_word' id='word_1_226' title='bbox 977 3730 1324 3817; x_wconf 86' lang='lat' dir='ltr'>homines,</span> <span class='ocrx_word' id='word_1_227' title='bbox 1377 3753 1599 3825; x_wconf 90' lang='lat' dir='ltr'>posse</span> <span class='ocrx_word' id='word_1_228' title='bbox 1652 3743 1913 3804; x_wconf 88' lang='lat' dir='ltr'>tantum</span> <span class='ocrx_word' id='word_1_229' title='bbox 1966 3732 2054 3803; x_wconf 84' lang='lat' dir='ltr'>ab</span> <span class='ocrx_word' id='word_1_230' title='bbox 2112 3754 2202 3803; x_wconf 89' lang='lat' dir='ltr'>eo</span> <span class='ocrx_word' id='word_1_231' title='bbox 2235 3754 2603 3804; x_wconf 88' lang='lat' dir='ltr'>numerum</span> 
     </span>
     <span class='ocr_line' id='line_1_35' title="bbox 592 3833 2600 3927; baseline -0.002 -21"><span class='ocrx_word' id='word_1_232' title='bbox 592 3835 1001 3918; x_wconf 87' lang='lat' dir='ltr'>sustentari,</span> <span class='ocrx_word' id='word_1_233' title='bbox 1052 3835 1314 3927; x_wconf 86' lang='lat' dir='ltr'>quippe</span> <span class='ocrx_word' id='word_1_234' title='bbox 1345 3834 1481 3917; x_wconf 88' lang='lat' dir='ltr'>cui,</span> <span class='ocrx_word' id='word_1_235' title='bbox 1534 3833 1854 3926; x_wconf 83' lang='lat' dir='ltr'>deposita</span> <span class='ocrx_word' id='word_1_236' title='bbox 1879 3835 2019 3925; x_wconf 83' lang='lat' dir='ltr'>jam</span> <span class='ocrx_word' id='word_1_237' title='bbox 2044 3836 2353 3927; x_wconf 86' lang='lat' dir='ltr'>piratica,</span> <span class='ocrx_word' id='word_1_238' title='bbox 2390 3853 2600 3923; x_wconf 87' lang='lat' dir='ltr'>opum</span> 
     </span>
     <span class='ocr_line' id='line_1_36' title="bbox 592 3927 2604 4026; baseline 0 -23"><span class='ocrx_word' id='word_1_239' title='bbox 592 3934 1055 4026; x_wconf 87' lang='lat' dir='ltr'>parandarum</span> <span class='ocrx_word' id='word_1_240' title='bbox 1110 3935 1385 4002; x_wconf 88' lang='lat' dir='ltr'>minime</span> <span class='ocrx_word' id='word_1_241' title='bbox 1436 3931 1667 4003; x_wconf 84' lang='lat' dir='ltr'>facilis</span> <span class='ocrx_word' id='word_1_242' title='bbox 1697 3940 1975 4025; x_wconf 83' lang='lat' dir='ltr'>pateret</span> <span class='ocrx_word' id='word_1_243' title='bbox 2010 3935 2317 4005; x_wconf 79' lang='lat' dir='ltr'>occasio.</span> <span class='ocrx_word' id='word_1_244' title='bbox 2368 3927 2604 4003; x_wconf 86' lang='lat' dir='ltr'>Multa</span> 
     </span>
     <span class='ocr_line' id='line_1_37' title="bbox 590 4029 2604 4125; baseline 0 -23"><span class='ocrx_word' id='word_1_245' title='bbox 590 4032 919 4105; x_wconf 85' lang='lat' dir='ltr'>homines</span> <span class='ocrx_word' id='word_1_246' title='bbox 972 4053 1211 4104; x_wconf 87' lang='lat' dir='ltr'>coram</span> <span class='ocrx_word' id='word_1_247' title='bbox 1263 4053 1444 4125; x_wconf 86' lang='lat' dir='ltr'>rege</span> <span class='ocrx_word' id='word_1_248' title='bbox 1496 4030 1972 4125; x_wconf 84' lang='lat' dir='ltr'>loquebantur</span> <span class='ocrx_word' id='word_1_249' title='bbox 2021 4034 2113 4104; x_wconf 91' lang='lat' dir='ltr'>de</span> <span class='ocrx_word' id='word_1_250' title='bbox 2163 4029 2395 4124; x_wconf 59' lang='lat' dir='ltr'>Egilia?</span> <span class='ocrx_word' id='word_1_251' title='bbox 2433 4051 2604 4103; x_wconf 93' lang='lat' dir='ltr'>suo-</span> 
     </span>
     <span class='ocr_line' id='line_1_38' title="bbox 590 4130 2605 4227; baseline -0 -25"><span class='ocrx_word' id='word_1_252' title='bbox 590 4154 888 4227; x_wconf 83' lang='lat' dir='ltr'>rumque</span> <span class='ocrx_word' id='word_1_253' title='bbox 939 4135 1297 4218; x_wconf 77' lang='lat' dir='ltr'>institutiS,</span> <span class='ocrx_word' id='word_1_254' title='bbox 1350 4143 1423 4203; x_wconf 90' lang='lat' dir='ltr'>et</span> <span class='ocrx_word' id='word_1_255' title='bbox 1472 4130 1773 4224; x_wconf 86' lang='lat' dir='ltr'>intelligi</span> <span class='ocrx_word' id='word_1_256' title='bbox 1826 4136 2076 4227; x_wconf 83' lang='lat' dir='ltr'>potuit,</span> <span class='ocrx_word' id='word_1_257' title='bbox 2129 4154 2215 4206; x_wconf 85' lang='lat' dir='ltr'>ea</span> <span class='ocrx_word' id='word_1_258' title='bbox 2267 4135 2427 4226; x_wconf 89' lang='lat' dir='ltr'>regi</span> <span class='ocrx_word' id='word_1_259' title='bbox 2477 4134 2605 4202; x_wconf 89' lang='lat' dir='ltr'>mi-</span> 
     </span>
    </p>
   </div>
   <div class='ocr_carea' id='block_1_5' title="bbox 2944 2335 2950 3618">
    <p class='ocr_par' dir='ltr' id='par_1_5' title="bbox 2944 2335 2950 3618">
     <span class='ocr_line' id='line_1_39' title="bbox 2944 2335 2950 3618; baseline 0 0"><span class='ocrx_word' id='word_1_260' title='bbox 2944 2335 2950 3618; x_wconf 95' lang='lat' dir='ltr'> </span> 
     </span>
    </p>
   </div>
  </div>
 </body>
</html>
