2950 4684
576 264 646 348 Β
1078 288 1197 337 sm
1233 288 1546 338 mma
1583 288 2064 337 sonsum-a.
2355 286 2386 305 ⁰
2422 283 2588 347 (3.3,

590 467 1585 564 (δταοὶιίεῐιιιιῄετνπθι-ιωῑ.
1683 470 1817 542 Hic
1866 469 2194 542 arborem
2241 470 2589 563 qundo-

591 576 897 640 stantem
950 580 1516 663 conspexerunt,
1584 573 1790 663 cujus
1860 580 2102 643 natura
2156 572 2340 663 ipsis
2385 573 2591 640 mira-

591 667 758 741 bilis
807 669 1208 742 videbatur:
1277 673 1597 743 nimirum
1654 678 2129 743 excreverant
2189 674 2264 739 in
2331 670 2592 742 arbore

587 790 796 862 poma
846 770 1217 841 admodum
1273 772 1564 862 quidem
1621 773 1922 862 exigua,
1985 771 2123 841 sed
2188 772 2439 841 viridia
2507 792 2594 844 uc

587 869 938 956 florentia3
1008 868 1144 940 sub
1212 869 1475 941 arbore
1525 892 1720 943 -vero
1787 870 1930 941 alia
1983 870 2317 963 jacebant
2385 892 2593 963 poma

586 978 872 1043 vetusta
924 986 1336 1064 magnaque.
1439 970 1626 1061 Quae
1676 992 1836 1042 cnam
1889 966 2328 1063 magnopere
2369 971 2591 1042 demi-

585 1077 943 1156 narentur,
1007 1070 1307 1162 dynasta
1359 1071 1706 1142 miraculo
1770 1074 1879 1140 rei
1931 1080 2330 1164 permotus,
2397 1072 2592 1164 qued

587 1189 788 1260 poma
844 1190 965 1255 eo,
1013 1171 1201 1263 quod
1257 1180 1656 1257 tuncerat,
1703 1174 1862 1242 anni
1900 1180 2222 1264 tenpore
2253 1173 2592 1258 virerent,

584 1265 760 1353 illis,
830 1291 993 1362 quae
1044 1270 1481 1362 praecedeuti
1534 1282 1784 1343 aestate
1850 1271 2384 1356 adolevissent,
2424 1271 2588 1342 aab

579 1366 842 1439 arbore
896 1371 1463 1441 remanentibus:
1532 1381 2002 1457 revertemur,
2055 1374 2297 1464 iuquit,
2350 1392 2588 1465 neque

583 1465 871 1559 longius
906 1471 1417 1561 procedemus,
1532 1470 1782 1564 Itaque
1834 1473 2135 1564 dynasta
2189 1492 2346 1541 cum
2400 1476 2588 1542 omni

578 1572 910 1639 comitatu
962 1575 1393 1652 revertisse,
1454 1572 1740 1642 demum
1790 1574 2306 1664 pertendisse3·
2345 1571 2585 1664 ibique

578 1665 927 1760 reliquum
981 1668 1238 1741 hiemis
1266 1694 1448 1742 -cnm
1501 1671 1754 1742 aulicis
1803 1675 2257 1764 transegisse
2315 1672 2587 1742 dieitur.

575 1764 764 1859 Regi
818 1771 1065 1840 mirum
1123 1772 1391 1856 videri,
1445 1793 1586 1843 nou
1638 1773 1904 1843 adesse
1960 1772 2364 1864 dynastam3
2431 1775 2585 1841 exi·

570 1870 883 1939 stimavit
932 1879 1205 1957 tamen,
1268 1871 1618 1964 aliquibus
1668 1875 2021 1965 gravioris
2074 1875 2407 1943 momenti
2460 1893 2584 1942 ne·

576 1970 792 2057 gotiis
842 1971 1248 2062 impeditum
1317 1975 1776 2043 remansisse.
1894 1971 2348 2066 Aliquantum
2415 1973 2583 2042 inde

575 2073 958 2162 temporis,
1020 2082 1381 2166 aestasque
1435 2077 1753 2167 proxime
1805 2078 2197 2166 insequens
2257 2072 2453 2144 nulla
2501 2090 2585 2142 re

572 2170 1073 2240 memorabilis.
1171 2171 1583 2265 Insequenti
1612 2172 1848 2245 hieme
1875 2194 2012 2243 rex
2042 2172 2302 2263 legatis
2328 2176 2581 2252 iterum

576 2270 645 2337 in
694 2265 1085 2340 Holsatiam
1154 2274 1392 2341 missis
1452 2292 1788 2341 socerum
1845 2275 2212 2364 dynastam
2266 2271 2356 2341 ad
2411 2292 2581 2341 eou-

576 2369 857 2453 vivium‚
911 2379 985 2440 ut
1033 2379 1263 2456 autea,
1318 2373 1575 2441 invitat.
1680 2370 1872 2461 Quid
1941 2370 2206 2442 multa?
2278 2371 2579 2463 dynasta

572 2469 827 2538 iterum
879 2486 964 2539 se
995 2468 1394 2541 adfuturum
1425 2474 1799 2562 promittit3
1854 2471 2071 2563 legati
2101 2483 2582 2558 revertuntur,

571 2569 730 2658 tegi
782 2570 1046 2639 exitum
1099 2573 1370 2661 negotii
1422 2574 1844 2644 renuntiant.
1947 2571 2268 2666 Cumque
2317 2575 2580 2648 consti·

573 2673 795 2737 tutum
846 2669 1147 2740 adesset
1196 2673 1353 2740 anni
1406 2680 1726 2764 tempus,
1787 2674 2092 2764 dynasta
2154 2674 2577 2743 demo-cum

570 2767 953 2840 comitibus
990 2769 1404 2863 ‚profectuS,
1472 2775 1729 2843 iterum
1798 2774 1890 2844 ad
1957 2776 2184 2844 sinum
2237 2770 2580 2843 Limicun

572 2868 961 2954 contendit,
1012 2875 1581 2966 conscensisque
1632 2874 1933 2946 navibus
1973 2876 2305 2965 trajicere
2345 2875 2575 2945 sinum

572 2966 878 3058 parabat.
980 2968 1360 3041 Memoriae
1414 2973 1764 3063 proditum
1820 2984 1974 3059 est,·
2024 2973 2392 3044 comitatus
2445 2993 2580 3042 eos

572 3088 744 3139 esse
797 3090 1016 3141 canes
1064 3070 1384 3155 feminas,
1436 3071 1717 3143 catulos
1767 3077 2010 3144 uteris.
2042 3073 2384 3144 serentes.
2482 3071 2583 3142 Ut

572 3186 753 3239 vero
821 3172 1391 3241 conscenderant
1456 3193 1717 3259 naves,
1800 3177 1937 3245 visi
2017 3183 2183 3244 sunt
2255 3173 2576 3265 dynastae

571 3267 805 3356 catuli,
856 3279 1064 3341 utero
1114 3281 1407 3342 matrum
1437 3271 1716 3359 inclusi,
1768 3277 1948 3367 ipsis
1997 3273 2291 3345 canibus
2337 3283 2575 3344 tacen-

571 3366 782 3455 tibus,
834 3369 1111 3441 latrare.
1215 3370 1445 3463 Quam
1497 3392 1648 3443 rem
1704 3375 1999 3465 dynasta
2029 3377 2577 3467 suiqueomnes

570 3489 702 3560 pro
772 3471 1131 3542 dirissimo
1199 3482 1532 3564 portento
1595 3471 1901 3562 habere,
1980 3494 2216 3568 neque
2287 3472 2577 3565 longius

567 3570 1101 3662 procedendum
1170 3588 1495 3645 censere.
1618 3572 1866 3671 ltaque
1943 3575 2220 3648 reversi
2291 3573 2573 3647 domum

570 3671 1047 3758 contendere,
1100 3675 1513 3768 instansque
1567 3673 1824 3748 festum
1866 3674 2157 3767 jolense
2211 3673 2400 3744 domi
2450 3693 2572 3753 ee·

572 3765 877 3842 lebrare.
978 3769 1262 3844 Interea
1315 3775 1641 3867 procedit
1691 3785 1972 3867 tempus
2023 3794 2253 3867 usque
2304 3774 2397 3843 ad
2425 3780 2569 3843 te'r·

568 3870 734 3941 tiam
784 3869 1130 3961 hiemem3
1184 3884 1328 3945 tum
1379 3894 1513 3944 rex
1566 3876 1800 3945 denuo
1853 3872 2113 3966 legatis
2164 3875 2406 3944 missis
2439 3873 2568 3964 dy·

567 3978 839 4043 uastam
888 3974 1134 4045 invitat
1182 3974 1275 4045 ad
1325 3977 1754 4061 convivium3
1808 3975 2117 4067 quicum
2149 3975 2355 4045 etiam
2383 3990 2571 4049 mmo

567 4080 941 4146 venturum
991 4095 1077 4147 se
1127 4077 1605 4170 promisisset,
1655 4073 1962 4146 redeunt
1986 4069 2230 4167 legati,
2283 4082 2359 4146 et
2406 4074 2570 4166 regi
