2950 4684
587 298 711 390 ᾖ
1104 322 1203 373 nn
1242 325 1556 373 tumus
1599 323 2079 372 sonnacium.
2386 320 2480 383 c„
2490 322 2592 383 10,

589 513 795 608 quit‚=
823 520 913 582 ut
949 530 1087 582 nos
1139 526 1426 595 omnes,
1477 511 1598 602 qui
1665 511 1737 579 in
1801 507 2158 580 Christum
2209 504 2595 591 credimus,

593 621 886 705 peccata
935 621 1178 683 nostra
1226 632 1465 682 coram
1498 609 2000 681 sacerdotibus
2035 607 2378 691 confessi,
2424 606 2596 676 Deo

589 714 1072 805 omnipotenti,
1127 714 1430 783 omnium
1484 730 1720 780 rerum
1769 712 2099 794 creatori,
2155 730 2293 779 sex
2324 707 2598 777 dierum

577 814 918 906 jeJunium
971 832 1387 898 voveamus,
1438 819 1515 882 ut
1565 812 1923 882 victoriam
1974 809 2179 880 nobis
2224 806 2599 890 concedat,

588 935 731 985 nev
790 934 1022 1007 equos
1073 916 1147 983 in
1195 912 1601 983 alimentum
1635 921 1941 997 mactare
1968 930 2325 1002 cogamur.
2389 906 2597 978 Alte-

586 1035 738 1088 rum
792 1013 985 1107 quod
1039 1013 1222 1085 dabo
1274 1011 1642 1085 consilium
1699 1021 1846 1096 est,
1915 1013 2172 1104 inquit,
2242 1019 2318 1081 ut
2378 1007 2597 1078 hodie

588 1117 661 1183 in
713 1112 941 1186 saltus
995 1129 1070 1184 et
1117 1113 1342 1185 silvas
1394 1112 1599 1182 nobis
1655 1115 2019 1205 proximas
2080 1110 2594 1183 concedamus:

586 1213 707 1285 hic
753 1213 1014 1305 singuli
1065 1213 1387 1304 singulas
1442 1212 1616 1304 ligni
1668 1215 1988 1284 sarcinas
2039 1211 2316 1283 caedant
2370 1232 2461 1281 ex
2501 1231 2598 1280 eo

587 1312 758 1406 ligni
811 1335 1111 1406 genere,
1166 1315 1356 1407 quod
1408 1316 1647 1405 ignem
1699 1312 2032 1385 facillime
2088 1322 2594 1406 concepturam

584 1424 948 1509 putemus3
1001 1437 1162 1510 quae
1216 1418 1448 1485 omnia
1522 1413 1714 1505 Ligna
1773 1416 1870 1487 ‚ad
1923 1415 2417 1485 munimentum
2471 1432 2595 1504 ap-

583 1515 1043 1609 portahimuS‚
1099 1516 1408 1610 deinque
1464 1537 1616 1608 quo·
1659 1536 1750 1585 se
1799 1525 2032 1587 vertat
2082 1535 2205 1584 res
2261 1514 2593 1608 dispicie-

583 1638 759 1687 mus.
877 1616 1055 1688 Haec
1119 1616 1420 1688 consilia
1492 1614 1581 1686 ab
1633 1611 1807 1686 olio
1873 1616 2031 1685 data
2096 1634 2347 1686 omnes
2402 1635 2595 1685 com-

582 1716 993 1810 probarunt,
1045 1728 1257 1812 atque
1309 1719 1441 1803 ita,
1505 1718 1603 1786 uti
1657 1715 2138 1803 consuluerat,
2175 1714 2592 1799 ‘facere'in-

581 1820 983 1889 stituerunt.
1080 1818 1256 1910 Ejus
1307 1817 1450 1888 loci
1481 1838 1565 1887 ea
1596 1826 1840 1889 natura
1875 1814 2025 1902 fuit,
2077 1826 2176 1902 ut,
2232 1838 2367 1909 qua
2395 1823 2593 1907 parte

582 1921 719 2012 ipsi
798 1921 1163 1991 constituti
1261 1928 1500 2004 erant,
1607 1939 1693 1988 ea
1769 1926 1969 2010 parte
2051 1937 2320 2009 magna·
2390 1915 2593 1986 fossa

583 2021 794 2091 ducta
870 2029 1108 2107 esset,
1190 2019 1441 2092 decem
1515 2028 1771 2111 passus
1835 2017 2018 2104 lata,
2098 2038 2358 2087 novem
2428 2015 2591 2100 alta,

580 2123 848 2213 spatio,
900 2144 1038 2213 qua
1091 2121 1435 2213 disposita
1489 2119 1786 2191 castella
1839 2127 2071 2205 erant,
2138 2122 2591 2210 angustiorc3

581 2218 737 2290 haec
787 2232 977 2289 vero·
1017 2224 1109 2293 ita
1165 2221 1507 2312 disposita
1562 2229 1784 2304 erant,
1835 2229 1913 2289 ut
1964 2218 2360 2312 quibusque
2422 2239 2592 2288 cen-

580 2323 770 2390 tenis
820 2321 1096 2391 vicenis
1151 2318 1483 2412 passibus
1533 2320 1938 2390 munimenti
1982 2315 2264 2408 singula
2294 2317 2592 2390 castella

579 2422 1126 2512 superimposita
1180 2428 1446 2490 essent.
1550 2418 1953 2504 Postridie,
1998 2441 2202 2512 quam
2256 2416 2449 2511 ligna
2499 2420 2591 2490 ad

580 2523 1074 2600 munimentum
1129 2529 1522 2606 traxerant,
1588 2520 1655 2601 id
1710 2522 2460 2611 agereinstituernnt,
2516 2530 2591 2591 ut

579 2619 849 2695 fossam
903 2619 1311 2712 ingentibus
1360 2619 1693 2714 pontibus
1753 2624 2177 2713 jungerent,
2230 2622 2363 2705 ita,
2415 2632 2491 2691 ut
2543 2644 2589 2690 e

580 2723 883 2814 regione
934 2721 1379 2814 singulorum
1424 2719 1904 2815 castellorum·
1944 2718 2272 2811 singulos
2330 2731 2590 2813 pontes

579 2821 932 2911 facerent}
1003 2844 1165 2917 quae
1217 2843 1435 2916 opera
1494 2823 1583 2894 ad
1638 2824 1865 2915 ipsum
1918 2843 2148 2916 usque
2202 2825 2587 2892 munimen-

579 2933 723 2997 tum
778 2922 1240 3015 pertinebant.
1341 2922 1620 2995 Eodem
1678 2923 1793 2994 dic
1827 2925 2253 2993 omnia‘vasa
2282 2925 2587 3016 aquaria,

582 3043 743 3115 quae
796 3021 943 3093 illis
994 3033 1226 3108 erant,
1280 3034 1661 3116 ceperunt,
1730 3043 2026 3118 quorum
2080 3021 2309 3094 altero
2363 3023 2586 3094 sumto

584 3142 940 3208 excussa,
992 3122 1208 3194 aridis
1258 3127 1571 3197 runcinae
1627 3126 2070 3196 detrimentis
2132 3123 2435 3218 aliisque
2502 3122 2584 3193 li-

580 3241 881 3316 gnorum
902 3225 1300 3315 segmentis
1332 3246 1503 3296 vasa
1535 3224 2097 3319 compleverunt,
2152 3224 2315 3294 dein
2349 3226 2494 3315 igni
2514 3226 2585 3293 in

579 3333 953 3416 segmenta
975 3326 1235 3416 injecto
1266 3325 1526 3397 fundos
1555 3346 1808 3397 rursus
1844 3324 2279 3417 adaptarunt,
2331 3324 2588 3399 relicto

582 3423 1053 3497 foraminein
1088 3446 1388 3512 summo,
1437 3434 1578 3520 qu'a
1629 3436 1889 3496 ventus
1921 3427 2315 3518 inspiraret.
2393 3425 2583 3497 Alia

581 3538 676 3595 ex
730 3535 928 3617 parte
983 3527 1218 3618 ignem
1288 3537 1591 3601 sumtum
1646 3525 1860 3618 lignis
1923 3526 2024 3596 ad·
2085 3528 2582 3599 munimentum

578 3628 954 3719 pertractis
1005 3629 1447 3718 injecerunt,¹
1487 3646 1658 3701 ,cum
1693 3630 1800 3699 wis·
1854 3635 2057 3699 esset
2095 3625 2278 3699 coeii
2330 3635 2584 3712 status,

577 3735 656 3799 ut
705 3737 951 3799 auster
1000 3726 1467 3798 vehementer
1518 3732 1716 3803 sicco
1747 3748 1939 3798 ‘aere
1992 3729 2274 3820 spirans
2324 3728 2579 3801 adver-

574 3848 735 3899 sum
782 3830 1278 3903 munimentum
1327 3826 1644 3903 feriret:
1712 3827 1894 3926 Jam-
1940 3820 2111 3901 vasa
2169 3837 2588 3901 sumserunt

577 3935 653 3999 et
704 3948 835 4021 per
872 3927 1151 4003 -sossam
1199 3932 1684 4021 trajecerunt,
1720 3948 1917 4022 qnae,
1968 3936 2150 4001 cavo
2197 3928 2586 4000 funderun-

575 4031 1044 4120 coucipientffi
1078 4038 1403 4118 ventum,
1454 4032 1954 4104 munimentum
2016 4048 2278 4105 versus
2341 4027 2588 4101 ΔΜ

573 4125 709 4201 sub
761 4129 902 4200 imo
926 4182 933 4191 .
957 4122 1353 4207 hamram.-
1448 4130 1628 4207 flaec
1663 4128 1852 4205 sub.
1885 4146 2259 4227 vesperam
2329 4127 2578 4205 confe-
