2950 4684
554 251 675 341 ω
1076 276 1173 327 1111
1225 274 1536 324 rmum
1589 264 2104 323 sonmsmua'
2344 267 2421 330 c.
2457 269 2560 329 14.

554 461 897 550 faselum3
924 479 1086 555 quae
1113 478 1338 531 naves
1371 459 1572 531 viros
1599 464 1879 529 eentum
1918 464 1993 527 et
2018 456 2285 548 viginti,
2315 464 2568 524 omnes

555 561 886 635 vestibus
955 569 1031 632 et
1110 562 1324 631 armis
1399 557 1589 628 bene
1669 559 2055 627 instructos
2073 605 2095 641 ,
2176 560 2566 638 vexerunt3

558 663 651 735 de
702 682 1001 756 quorum
1051 662 1308 731 itinere
1374 656 1472 727 nil
1526 654 1988 727 memorabile
2056 655 2381 726 traditum
2434 661 2566 724 est.

555 762 812 848 Akius,
866 781 1076 855 quem
1109 759 1629 851 digredientem
1676 758 1952 827 eximiis
1998 752 2408 826 muneribus
2438 753 2568 843 dy-

557 872 760 934 nasta
806 868 1236 952 prosecutus
1291 868 1426 944 est,
1482 858 1758 928 domum
1810 858 1882 926 in
1916 854 2211 925 Daniam
2265 855 2570 924 reverti-

556 970 693 1033 tur.
792 958 944 1031 Sed
991 962 1134 1051 jam
1189 959 1282 1030 de
1334 977 1516 1049 rege
1569 956 1882 1028 Haraldo
1935 955 2379 1038 narrandum,
2450 954 2572 1047 qui

559 1064 833 1132 interea
900 1059 1084 1130 fama
1144 1066 1620 1150 cognoverat,
1685 1055 1945 1126 Akium
2009 1055 2099 1125 ad
2171 1055 2569 1125 convivium

559 1159 952 1253 profectum
1022 1178 1214 1228 esse.
1330 1157 1508 1227 Eam
1576 1177 1756 1227 vero
1824 1155 1915 1227 ob
1986 1175 2267 1226 causam
2336 1153 2572 1224 Akius

558 1261 728 1329 tanti
775 1256 863 1329 ab
915 1257 1187 1329 civibus
1240 1261 1630 1328 aestimatus
1685 1265 1860 1342 erat,
1911 1256 2099 1349 quod
2150 1254 2413 1325 nullum
2467 1256 2572 1322 in-

559 1367 676 1429 ter
724 1362 928 1428 cives
980 1366 1381 1451 apparatum
1436 1359 1834 1428 convivium
1890 1366 2028 1440 est,
2104 1359 2269 1449 quin
2316 1353 2573 1439 Akius,

560 1456 750 1529 baud
801 1478 1019 1530 secus
1066 1478 1153 1528 ae
1202 1459 1362 1550 ipse
1415 1478 1569 1543 rex,
1619 1460 2072 1541 invitaretur,
2150 1465 2223 1526 et
2271 1458 2345 1524 in
2396 1474 2573 1525 uno-

559 1578 845 1652 quoque
875 1560 1204 1630 eonvivio
1235 1557 1488 1650 amplis
1522 1555 1929 1628 muneribus
1959 1565 2372 1642 ornaretur3
2422 1564 2573 1624 tan-

544 1665 851 1751 -tumque
901 1658 1090 1753 apud
1142 1677 1403 1728 omnes*
1444 1660 1669 1750 gratia
1719 1655 1961 1741 valuit,
2016 1665 2094 1727 ut
2125 1656 2353 1727 ferme
2383 1652 2574 1726 baud

561 1760 791 1831 minus
841 1781 884 1830 a
935 1755 1204 1852 populo
1256 1761 1751 1844 aestimaretur,
1804 1779 2010 1852 quam
2059 1778 2217 1842 rex,
2270 1775 2574 1851 quaeque

564 1867 887 1951 optasset
934 1878 1229 1930 munera
1300 1856 1387 1928 ab
1440 1856 1766 1929 omnibus
1817 1856 2351 1950 possidentibus
2402 1876 2574 1925 eon·

563 1954 1016 2054 sequeretur.
1117 1957 1388 2030 Verum
1439 1958 1694 2045 Akius,
1747 1960 1865 2053 qui
1918 1960 2057 2028 iter
2115 1961 2185 2027 in
2237 1954 2574 2028 Gothiam

563 2079 660 2129 eo
707 2062 1148 2153 potissimum
1201 2058 1502 2130 consilio
1553 2067 1999 2152 susceperat,
2052 2067 2129 2128 ut
2180 2056 2388 2128 filiam
2443 2056 2573 2148 dy·

563 2169 786 2230 uastae
836 2163 908 2229 in
960 2162 1465 2230 matrimonium
1513 2168 1819 2252 peteret,
1870 2156 2191 2228 liberalia
2221 2176 2576 2250 responsa

560 2257 844 2344 tulerat,
896 2261 1183 2351 Jamque
1235 2278 1359 2328 res
1412 2279 1503 2327 eo
1556 2267 1889 2342 venerat,
1957 2267 2034 2328 ut
2086 2256 2363 2329 duabus
2416 2279 2574 2328 cum

561 2357 861 2430 navibus
915 2359 1196 2428 domum
1249 2357 1618 2451 profectus
1665 2368 1892 2443 esset,
1946 2360 2045 2428 uti
2073 2367 2278 2428 antea
2312 2357 2574 2428 dictum

502 2540 513 2551 ,
562 2468 697 2528 est.
813 2456 1093 2549 Quibus
1143 2457 1367 2528 rebus
1419 2457 1968 2542 animadversis,
2050 2479 2182 2528 rex
2235 2459 2486 2529 decem
2509 2455 2575 2552 1)

563 2578 792 2630 naves
864 2558 1325 2630 deducendas
1393 2566 1628 2644 curat,
1707 2557 1820 2629 his
1885 2559 2441 2652 quadringentos
2502 2568 2578 2630 et

563 2662 926 2752 octoginta
958 2655 1227 2749 viros2)
1258 2660 1575 2752 imponit,
1606 2659 1864 2751 quibus
1911 2662 2230 2752 imperat,
2260 2669 2338 2731 ut
2364 2662 2575 2746 irent,

561 2758 899 2854 Akioque
928 2759 1018 2831 ab
1049 2762 1374 2831 convivio
1408 2759 1740 2830 redeunti
1764 2761 2290 2847 insidiarentur,
2309 2763 2573 2853 ipsum-

562 2881 706 2954 que
778 2884 934 2932 eum
1014 2861 1343 2931 omnibus
1412 2860 1814 2947 comitibus,
1919 2863 1982 2932 si
2058 2860 2286 2932 ferret
2365 2881 2573 2931 oeca-

562 2963 699 3045 sio,
749 2960 1252 3031 interficerent.
1366 2958 1543 3030 Inde
1581 2961 1900 3052 ¹profecti
1950 2961 2332 3037 adventum
2382 2960 2574 3048 Akii,

559 3058 736 3129 nibil
787 3057 1089 3152 periculi
1152 3061 1382 3129 animo
1454 3062 1972 3153 praecipientis,
2046 3060 2262 3133 facile
2313 3083 2574 3155 specu·

562 3158 812 3229 lantur.
928 3159 1209 3231 Dicitur
1256 3159 1490 3230 Akius
1539 3181 1625 3231 ac
1676 3163 2013 3248 comites,
2082 3185 2239 3234 eum
2293 3164 2380 3234 ad
2436 3160 2574 3233 Se-

562 3257 939 3354 landiam3)
1007 3263 1080 3330 in
1143 3258 1374 3330 Dania
1434 3260 1915 3354 appulissent,
1985 3262 2218 3334 nullas
2279 3263 2602 3358 insidias

560 3364 917 3456 timenteS,
968 3363 1273 3432 tentoria
1325 3383 1457 3433 sua
1506 3365 1579 3431 in
1647 3372 1838 3433 terra
1890 3362 2250 3435 babuisse.
2368 3361 2576 3453 Quos

559 3464 744 3554 regii
795 3484 954 3532 eum
1005 3484 1257 3554 magna
1306 3462 1594 3534 militum
1648 3462 2126 3550 multitudine,
2195 3467 2398 3556 eujus
2450 3485 2573 3534 an-

560 3572 679 3633 tea
729 3565 991 3634 mentio
1031 3562 1242 3650 facto,
1292 3566 1679 3656 improviso
1717 3565 1968 3651 adorti,
2020 3564 2392 3636 confestim
2430 3564 2578 3636 tela

559 3667 635 3733 in
688 3683 820 3735 eos
869 3666 1366 3756 ingesserunt,
1418 3668 1864 3760 tentoriaque
1916 3686 2137 3759 snper
2187 3669 2576 3760 imparatos

562 3763 1159 3851 deturbaverant,
1236 3785 1326 3835 eo
1379 3766 1661 3837 tandem
1717 3767 1950 3851 exitu,
2002 3775 2080 3836 ut
2127 3765 2360 3838 Akius
2415 3789 2571 3838 eum

559 3869 714 3937 suis
765 3864 1091 3936 omnibus
1144 3864 1621 3936 occumberet.
1725 3864 1908 3935 Post
1947 3864 2104 3937 haee
2143 3871 2426 3939 reversi
2455 3889 2575 3938 re..

630 3997 680 4066 ¹)
732 3998 890 4051 omitt
938 3998 1002 4054 F.
1086 3998 1138 4066 ²)
1185 4015 1435 4057 trecentos
1486 4016 1538 4055 et
1583 4001 1892 4074 nonaginta,
1941 4000 2020 4067 B;
2073 4018 2349 4070 sexcentos,
2399 4001 2464 4061 F,
2503 4001 2573 4056 R.

558 4089 608 4158 ⁸)
645 4090 862 4156 setiam,
903 4090 966 4143 Β.
2129 4099 2134 4104 ’
