2950 4684
580 324 747 413 14²
1084 350 1179 397 DE
1230 349 1538 396 munte
1585 347 2063 428 retenemus.
2372 343 2445 405 c,
2481 342 2584 405 43,

570 535 857 619 moriar,
910 532 1217 626 exsequi
1266 551 1410 602 non
1460 540 1747 623 potero,
1803 532 1983 600 meis
2033 528 2353 622 partibus
2406 528 2584 600 mul-

570 643 716 706 tum
795 632 1121 704 defuisse
1191 629 1356 702 mihi
1432 630 1705 703 videor.
1819 629 1981 721 Ego
2053 649 2233 700 vero
2307 628 2586 715 faciam,

570 736 795 829 inquit
823 730 1183 817 Tborkel,
1225 752 1316 801 ne
1371 741 1443 801 tu
1499 733 1633 801 ista
1686 732 1937 800 vivens
1991 727 2284 799 efficere
2325 732 2586 822 possis.

572 832 1130 925 Accurrensque
1195 831 1284 902 ad
1338 829 1697 922 Vagnem,
1763 838 2061 923 utraque
2118 851 2319 900 manu
2372 829 2586 898 ictum

575 935 646 1005 ei
691 934 1016 1018 intentat3
1068 931 1205 1002 sed
1255 929 1480 1023 Bjorn
1524 927 2016 1016 BritannicuS,
2082 931 2385 999 nutritor
2439 927 2584 999 Va·

573 1033 755 1124 gnis,
808 1053 971 1102 enm
999 1031 1189 1124 pede
1221 1052 1472 1124 magna
1511 1030 1581 1101 vi
1619 1028 1992 1121 impulsum
2028 1032 2173 1100 ictu
2217 1027 2588 1099 subtraxit.

570 1132 753 1204 Nam
790 1129 854 1201 Τ
857 1129 1138 1217 borkel,
1191 1130 1466 1202 vibrato
1520 1149 1737 1222 supra
1786 1129 2109 1221 Vagnem
2165 1127 2425 1220 gladio,
2477 1128 2586 1199 su-

572 1253 772 1317 nem,
826 1251 970 1324 quo
1023 1229 1230 1322 Vagn
1281 1232 1561 1301 vinctus
1613 1237 1804 1315 erat,
1870 1232 2227 1322 percussit
2277 1249 2583 1321 eumque

575 1330 961 1417 dissecuit3
1017 1352 1178 1423 quae
1231 1350 1354 1401 res
1381 1329 1704 1420 Vagnem
1756 1333 1916 1415 siue
1945 1326 2246 1400 vulnere
2297 1326 2585 1398 vinculo

575 1431 965 1524 expedivit.
1065 1427 1349 1501 Interea
1378 1427 1704 1499 Thorkel
1750 1429 1837 1499 ad
1891 1432 2102 1499 ictum
2156 1427 2244 1498 ab
2299 1425 2585 1498 homine

573 1530 1018 1601 aberrantem
1073 1528 1450 1621 procubuit
1501 1538 1576 1598 et
1627 1526 1991 1621 collapsus
2044 1538 2192 1614 est,
2244 1527 2484 1619 gladio
2540 1548 2585 1597 e

576 1651 785 1701 mauu
841 1631 999 1720 ejus
1052 1649 1386 1700 excusso.
1490 1628 1588 1698 At
1635 1627 1865 1720 Vagn,
1920 1649 2127 1722 quem
2180 1625 2402 1720 Bjorn
2456 1648 2581 1720 pe-

577 1729 785 1801 dibus
838 1737 1027 1799 tanta
1075 1732 1148 1800 vi
1197 1726 1613 1822 impulerat,
1683 1738 1763 1799 ut
1812 1726 2333 1813 collaberetur,
2392 1726 2584 1798 baud

576 1831 698 1900 diu
746 1838 1013 1900 stratus
1067 1826 1257 1898 humi
1299 1828 1556 1920 jacuit,
1626 1829 1761 1897 sed
1816 1827 2183 1899 confestim
2248 1825 2587 1898 celeriter

576 1927 945 2013 exsiliens,
994 1939 1282 2020 arrepto
1335 1948 1479 2022 quo
1509 1925 1824 1998 'l'horkcl
1880 1949 2057 1999 usus
2115 1938 2269 1997 erat
2318 1925 2584 2018 gladio,

572 2026 1011 2100 Tborkelem
1107 2026 1469 2121 extemplo
1558 2026 1767 2121 plaga
1866 2027 2229 2098 mortifera
2332 2027 2585 2097 adficit.

572 2128 783 2200 Nunc
850 2137 1119 2220 partem
1186 2131 1333 2199 voti
1402 2129 1540 2197 mei
1620 2149 1774 2198 sum
1851 2136 2283 2212 exsecutuS,
2364 2130 2589 2220 inquit

572 2227 817 2318 Vagn,
904 2225 1213 2321 mihique
1289 2230 1449 2319 ipse
1520 2225 1739 2297 multo
1808 2248 2011 2320 quam
2081 2236 2286 2298 antea
2359 2230 2585 2318 magis

574 2325 851 2421 placeo.
953 2324 1207 2396 Hakon
1258 2326 1560 2419 dynasta
1609 2325 2081 2398 interlocutus
2134 2336 2281 2397 est:
2349 2327 2584 2412 facite,

576 2446 671 2498 ne
712 2428 854 2517 jam
910 2425 1031 2495 diu
1080 2422 1362 2497 solutus
1413 2423 1770 2517 tripudiet,
1821 2437 2033 2521 atque
2088 2446 2247 2496 eum
2289 2430 2583 2520 primum

579 2528 884 2597 omnium
937 2524 1336 2609 interficite,
1387 2546 1710 2616 magnum
1766 2529 1949 2596 enim
2002 2524 2211 2597 nobis
2262 2528 2583 2597 damnum

577 2623 819 2697 attulit.
921 2623 1250 2695 Eirikus:
1318 2623 1510 2695 baud
1562 2626 1755 2717 prius
1805 2626 2307 2713 interficietur,
2378 2647 2582 2721 quam

578 2746 743 2817 ego,
795 2744 958 2796 meo
1008 2727 1074 2796 si
1125 2723 1460 2796 arbitratu
1518 2723 1753 2812 liceat,
1803 2748 1960 2798 nam
2015 2747 2177 2798 eum
2227 2726 2580 2819 supplicio

575 2824 920 2896 liberabo.
1041 2822 1176 2894 Cui
1244 2823 1498 2896 Hakon
1579 2826 1911 2917 dynasta:
1994 2847 2136 2896 non
2210 2835 2323 2897 est
2390 2826 2583 2920 quod

575 2922 737 2995 huic
802 2927 907 2993 rei
968 2934 1279 2994 nostram
1335 2928 1756 2996 sententiam
1820 2924 2114 3019 amplius
2180 2929 2584 3018 interpona-

578 3045 769 3107 muS,
835 3022 1184 3115 siquidem
1239 3023 1444 3095 solus
1494 3027 1642 3111 vis,
1709 3024 1846 3112 fili,
1914 3035 2036 3096 tuo
2101 3024 2394 3096 arbitrio
2457 3025 2583 3097 de-

576 3140 900 3195 cernere.
1002 3120 1325 3194 Eirikus:
1376 3144 1553 3194 sane
1608 3125 1863 3216 dignus
1902 3124 2105 3215 Vagn
2161 3136 2307 3212 est,
2360 3136 2583 3218 pater,

577 3223 698 3317 qui
749 3220 1206 3308 concilietur,
1274 3223 1766 3319 praeclareque
1835 3227 1948 3316 agi
2016 3240 2219 3317 puto,
2286 3227 2351 3295 si
2422 3246 2582 3297 eum

580 3319 854 3393 eisdem
931 3319 1325 3395 bonoribus
1400 3323 1864 3417 praeficiamus
1949 3324 2351 3417 eodemque
2444 3345 2584 3420 quo

575 3419 1014 3492 Thorkelem
1067 3420 1350 3514 fastigio
1382 3423 1844 3495 collocemus
1942 3424 2416 3518 Exspectavit
2449 3428 2583 3496 uti-

577 3541 719 3614 que
769 3518 1125 3607 Thorkel,
1193 3520 1405 3593 talem
1470 3543 1559 3594 se
1610 3527 1773 3595 vitae
1844 3526 2111 3595 exitum
2166 3523 2584 3610 habiturum,

576 3640 733 3690 uam
789 3622 1031 3689 evenit
1081 3642 1290 3708 nunc,
1342 3624 1536 3715 quod
1588 3622 1809 3714 vulgo
1866 3624 2003 3695 dici
2048 3621 2263 3708 solet,
2318 3624 2584 3696 diviua·
2717 3695 2726 3708 ,

575 3722 838 3793 tionem
892 3738 1064 3790 esse
1115 3724 1458 3813 sapientis
1510 3725 2009 3813 conjecturam,
2062 3743 2221 3792 cum
2266 3743 2584 3816 praeseu-

576 3829 720 3891 tem
773 3820 845 3888 ei
899 3828 1193 3890 mortem
1245 3823 1611 3891 imminere
1682 3841 1724 3891 e
1785 3821 1987 3892 vultu
2049 3824 2208 3912 ejus
2260 3821 2581 3911 college-

574 3921 699 3989 ris·
799 3916 1044 4010 Itaque
1096 3918 1386 3990 Eirikus
1436 3920 1757 4012 Vagnem
1819 3923 1892 3990 in
1958 3919 2169 3991 fidem
2231 3941 2428 3991 suam
2497 3942 2586 3990 ac

576 4025 1004 4110 potestatem
1057 4021 1349 4110 recepit.
1453 4016 1598 4109 Qui
1662 4040 1818 4090 cum
1886 4020 1974 4091 ab
2031 4023 2217 4090 omni
2258 4022 2403 4110 jam
2454 4040 2584 4113 pe-

578 4114 805 4185 riculo
854 4124 1050 4186 tutus
1104 4125 1338 4203 esset,
1389 4120 1498 4188 sic
1549 4116 1891 4211 loquitur:
1961 4141 2047 4192 ea
2096 4129 2362 4193 tantum
2413 4118 2586 4212 lege
