2950 4684
397 326 477 392 c,
512 323 735 392 4344,
953 329 1319 378 msroma·
1374 330 1892 382 nem-manum.
2227 306 2406 397 ω]

390 509 664 605 aliquid
733 513 1006 604 negotii
1076 510 1373 604 posthac
1443 516 1632 586 inter
1693 535 1781 586 se
1844 522 2411 590 commutaturus.

392 608 528 681 His
596 614 827 703 gestis
892 611 1217 704 Norvegi
1286 617 1356 683 in
1422 614 1861 707 Norvegiam
1940 625 2410 690 reverterunt·

392 709 562 781 Rex
613 710 920 798 KuntnS,
972 711 1210 784 multis
1263 717 1662 801 comitatu&
1711 719 1782 785 in
1833 713 2241 787 Selandiam
2296 735 2410 787 re·

396 811 543 882 diit.
676 809 899 898 Tum,
985 835 1170 907 quos
1224 818 1293 884 in
1344 813 1834 887 Vindlandiam
1904 819 2234 902 miserat,
2319 815 2411 888 ad

391 931 556 983 enm
612 915 916 999 reversi,
966 917 1389 1002 nuntiarunt,
1444 914 1748 988 Vendos
1789 926 1992 1009 grato
2023 920 2253 988 auium
2284 915 2412 987 ob·-

397 1010 602 1082 latam
656 1012 745 1083 ab
800 1035 978 1106 rege
1031 1012 1274 1085 Knuto
1332 1037 1574 1108 pacem
1631 1026 1705 1087 ct
1756 1015 2407 1089 reconciliationem

391 1117 809 1206 accepisse,
872 1114 1168 1186 eosdem
1223 1116 1391 1186 ideo
1447 1119 1694 1210 copias
1750 1138 2142 1202 evocasse,
2193 1115 2411 1210 quod,

398 1216 728 1306 cognito,
811 1215 1111 1285 eductas
1164 1218 1233 1285 in
1285 1216 1515 1287 Dania
1569 1219 1818 1310 copias
1870 1218 1957 1287 ad
2014 1216 2410 1310 expeditio-

396 1334 580 1400 nem,
634 1337 774 1407 quo
825 1335 912 1385 se
965 1336 1100 1385 rex
1153 1316 1613 1389 inclinaturus
1666 1328 1889 1404 esset,
1943 1316 2223 1388 dubium
2259 1319 2409 1386 exi-

388 1417 845 1504 stimassent3
950 1438 1155 1509 qnam
1226 1417 1319 1487 ob
1388 1438 1672 1490 causam
1739 1418 1962 1489 verba
2040 1418 2408 1488 amicitiam

390 1518 722 1587 testantia
784 1518 1217 1610 insuperque
1286 1520 1543 1588 eximia
1609 1538 1900 1589 munera
1964 1520 2122 1609 regi
2198 1520 2410 1590 remi-

389 1617 609 1687 sisse.
713 1613 996 1708 Quibus
1049 1621 1353 1712 cognitis
1402 1617 1624 1690 rebus
1680 1640 1810 1690 rex
1836 1618 2120 1691 Kantus
2153 1637 2409 1711 magno

388 1736 619 1809 opere
668 1715 954 1789 lactatus
1005 1726 1140 1789 est.

1059 1818 1183 1890 De
1230 1841 1408 1914 reqc
1465 1817 1731 1890 Knuto.
1848 1889 1860 1905 ,

590 1915 709 1987 44.
812 1916 995 1989 Post
1046 1917 1204 1991 haec
1264 1941 1397 1989 rex
1463 1918 1748 1990 Knutus
1814 1918 2180 1989 meridiem
2244 1938 2408 1994 ver-

374 2037 522 2089 sus
572 2019 642 2087 in
691 2016 1004 2092 Fioniam
1060 2020 1450 2112 profectus,
1506 2018 1747 2090 habito
1787 2017 2202 2090 colonorum
2238 2039 2406 2094 cou-

394 2129 649 2204 ventu,
704 2139 837 2190 eos
887 2118 1356 2191 vehementer
1407 2119 1791 2204 incusavit,
1854 2118 2046 2212 quod
2099 2140 2185 2189 se
2237 2138 2406 2188 con-

390 2217 699 2304 tumelia,
752 2228 831 2289 ut
884 2220 1189 2313 putabat,
1239 2221 1686 2305 affecissent,
1739 2221 2205 2313 gravissimas
2259 2239 2406 2311 poe·

389 2341 520 2391 nas
573 2322 890 2391 minatus,
992 2320 1284 2393 Eirikus
1339 2321 1637 2414 dynasta
1674 2341 1961 2392 causam
1992 2318 2405 2392 colonorum

386 2420 576 2513 apud
629 2441 877 2513 regem
932 2421 1214 2513 agebat,
1270 2443 1663 2507 excusanS,
1725 2420 1982 2493 sactum
2037 2442 2179 2491 non
2234 2440 2409 2511 erga

391 2542 638 2613 regem
694 2520 1049 2593 malevolo
1102 2527 1373 2593 animo:
1424 2522 1654 2606 solet,
1722 2523 1976 2613 inquit,
2039 2530 2115 2591 ut
2166 2528 2405 2592 notum

391 2621 514 2691 tibi
568 2630 703 2707 est,
758 2621 1064 2708 domine,
1114 2623 1488 2694 multitudo
1518 2621 1926 2693 recentibus
1954 2619 2409 2692 sermonibus

391 2725 705 2808 moveri,
784 2744 1108 2815 novaque
1160 2721 1459 2794 consilia
1518 2723 1837 2791 maxime'
1874 2719 2218 2812 probarc;
2262 2721 2406 2811 jam

392 2843 570 2893 vero
635 2825 942 2894 nuntium
999 2832 1461 2916 acceperant,
1549 2833 1620 2891 te
1691 2820 1780 2891 ad
1850 2823 2243 2889 exercitum
2314 2839 2405 2889 eo

395 2919 563 2996 loco
629 2930 1065 2995 contractum
1134 2943 1483 3016 nunqnam
1554 2919 1979 2994 adfuturum.
2079 2917 2408 3011 Dynasta

390 3022 607 3094 multa
659 3022 795 3093 bac
873 3022 964 3094 (le
1018 3046 1099 3093 re
1154 3022 1374 3094 verba
1426 3022 1636 3108 fecit,
1717 3041 2151 3115 causamque
2207 3015 2405 3094 colo-

391 3145 641 3195 norum
692 3123 1004 3216 benigne
1061 3133 1134 3198 et
1182 3123 1493 3195 fideliter
1545 3125 1711 3214 egit.
1816 3121 2012 3208 Rex,
2065 3122 2208 3215 qui,
2241 3140 2404 3196 ,ma-

385 3229 617 3317 jorem
688 3227 758 3294 in
829 3225 1108 3298 modum
1179 3225 1538 3311 offensus,
1625 3222 1869 3295 verbis
1934 3220 2123 3294 hand
2191 3217 2404 3291 facilc

387 3324 567 3396 adiri
618 3333 914 3418 posset,
962 3325 1425 3418 significavit,
1479 3322 1759 3396 colonis
1811 3322 2097 3416 quidem
2149 3340 2404 3390 recon-

391 3424 717 3497 ciliandae
769 3444 1016 3497 secum
1069 3428 1318 3517 gratiae
1370 3424 1606 3496 locum
1657 3422 1844 3507 fore,
1891 3442 1983 3492 se
2037 3439 2212 3490 vero
2266 3416 2405 3489 sibi

387 3524 535 3604 soli
599 3523 961 3597 arbitrium
1028 3525 1405 3596 decidendi
1454 3542 1859 3594 reservare.
1973 3519 2161 3591 Post
2212 3516 2405 3602 baec,

391 3641 554 3696 eum
605 3623 842 3696 coloni
893 3647 1045 3698 rem
1095 3624 1327 3697 solius
1378 3625 1576 3716 regis
1626 3621 1917 3694 arbitrio
1940 3619 2404 3704 decidendam

394 3714 930 3818 permisissent,
994 3747 1128 3797 rex
1179 3745 1443 3817 graves
1496 3719 1753 3794 multas
1803 3725 1954 3808 eis,
2006 3742 2210 3815 quos.
2244 3740 2403 3811 gra·
2470 3777 2478 3784 .

392 3826 706 3898 vissimis
758 3827 1165 3900 criminibus
1220 3824 1733 3909 insimulasset,
1798 3823 2161 3914 irrogavit.
2277 3815 2408 3888 Sic

391 3924 616 4012 multi,
671 3946 922 4017 magna
976 3928 1296 4021 pecuniae
1346 3945 1620 3997 summa
1669 3922 1974 4007 multati,
2036 3921 2172 3991 etsi
2225 3915 2407 4004 hano

390 4026 894 4120 iniquissimam
948 4048 1121 4099 esse
1175 4025 1651 4098 conditionem
1708 4023 2230 4103 existimarent,
2303 4025 2404 4088 ta·
2459 4109 2464 4118 Ι

392 4145 557 4197 men
609 4128 946 4221 optimum
998 4126 1185 4200 factu
1238 4146 1408 4199 esse
1468 4124 1863 4209 duxerunt,
1915 4138 2125 4214 quem
2176 4119 2248 4228 in
2299 4113 2403 4189 lo·
