2950 4684
602 305 722 394 54
1112 333 1209 382 »Β
1259 333 1569 383 ruam-1⁸
1620 334 2093 385 sonnxemue.
2280 332 2357 396 c.
2401 333 2510 398 20.
2518 335 2627 398 21,

607 521 931 594 homines
981 517 1071 590 ad
1127 539 1334 589 unum
1386 537 1644 590 omnes
1672 515 2104 606 interficere,
2151 516 2624 616 Svenemque

605 624 748 694 vita
799 623 1086 715 privare
1136 621 1679 691 constituerunt.
1756 640 1760 645 ·

804 720 924 792 21.
1024 720 1293 793 Eadem
1326 738 1659 813 vespera,
1712 741 1871 814 quae
1921 728 2263 791 eventum
2292 729 2431 799 tam
2473 744 2623 795 me·

606 820 1019 894 motabilem
1073 819 1438 915 spondere
1490 819 1901 908 videbatur,
1952 819 2041 891 ab
2098 821 2479 894 oceidente
2525 844 2624 894 ex

607 922 968 994 Britannia
1005 923 1293 993 advenit
1321 918 1797 993 Palnatokius
1849 943 2010 993 cum
2038 920 2341 994 navibus
2374 925 2624 1015 viginti

609 1034 935 1117 quatuor,
1003 1045 1207 1119 quam
1261 1020 1568 1093 classem
1641 1022 1894 1093 eadem
1958 1025 2112 1115 ipsa
2164 1042 2474 1116 vespera
2528 1024 2622 1095 ad

602 1125 896 1196 Daniam
951 1122 1237 1217 appulit,
1287 1120 1376 1193 ab
1427 1118 1649 1193 altera
1704 1133 1905 1216 parte
1958 1127 2440 1216 promontorii,
2493 1146 2620 1196 eo-

606 1247 746 1318 que
801 1224 964 1296 loeo
1017 1244 1241 1295 naves
1291 1225 1621 1294 tentoriis
1670 1221 1899 1311 velat3
1975 1244 2118 1316 quo
2169 1221 2364 1295 facto
2411 1224 2622 1297 sulm

607 1328 678 1394 in
751 1335 1010 1396 terram
1082 1325 1489 1417 egreditur,
1570 1322 1966 1417 pharetram
2040 1332 2256 1415 terge
2304 1336 2626 1417 gestans.

604 1420 829 1498 Forte
880 1430 1123 1497 evenit
1174 1426 1431 1496 eodem
1483 1428 1832 1518 temporis
1882 1426 2138 1519 spatio,-
2173 1433 2267 1495 :ut
2313 1446 2445 1495 rex
2481 1426 2625 1498 Ha·

604 1526 848 1599 raldus
899 1524 1201 1621 aliquot¹
1255 1528 1427 1598 viris
1478 1528 1851 1597 comitatus
1901 1529 1973 1596 in
2044 1534 2310 1615 temam
2364 1548 2625 1598 escen-

613 1628 839 1700 deret.
940 1626 1333 1719 Progressi
1385 1629 1455 1696 in
1506 1625 1791 1713 silvam,
1854 1629 2170 1698 excitato
2215 1628 2410 1719 igne,
2461 1649 2624 1699 eor-

607 1750 783 1822 pora
817 1728 1279 1813 ealfeeerunt,
1332 1744 1726 1821 omnesque
1778 1737 2034 1800 trunco
2081 1728 2384 1799 eassueae
2411 1728 2625 1800 arbo-

607 1832 708 1901 ris
756 1831 1194 1902 insederunt.
1317 1828 1490 1899 Cum
1564 1827 1721 1899 baee
1773 1829 2219 1913 aeeidemntt,
2298 1829 2626 1903 tenebroe

610 1934 842 2003 noetis
880 1938 1086 2002 erant
1126 1929 1421 2002 obortae.
1468 1987 1486 1996 -
1526 1927 2015 2016 PalnatokiuS,
2058 1929 2130 1997 in
2167 1929 2428 2000 silvam
2458 1953 2624 2024 pro·-

609 2053 949 2124 gressus,
1017 2054 1176 2103 enm
1227 2034 1554 2103 venisset
1608 2053 1653 2101 e
1703 2033 2008 2123 regione
2065 2033 2225 2123 ejus
2277 2029 2443 2118 loci,
2493 2030 2622 2103 ubi

608 2155 699 2204 se
748 2155 882 2204 rex
934 2133 1020 2205 ad
1076 2136 1311 2225 ignem
1364 2129 1808 2217 ealfaeiebat,
1855 2130 2239 2224 paulisper
2287 2133 2625 2205 substitit.

612 2232 895 2304 Interea
961 2254 1091 2303 rex
1145 2233 1233 2303 ab
1286 2231 1511 2303 altera
1564 2242 1763 2325 parte
1828 2253 1915 2303 se
1982 2232 2096 2302 ad·
2135 2234 2371 2323 ignem
2428 2233 2621 2304 eale-

607 2332 906 2419 faeiens,
958 2331 1339 2404 substratis
1390 2335 1861 2418 vestimenti&
1915 2331 2170 2404 cubitis
2205 2343 2278 2404 et
2315 2333 2629 2427 genibus

610 2436 930 2519 innixuS,
995 2443 1250 2527 peetus
1301 2432 1682 2505 adversum
1734 2436 1879 2525 igni
1933 2433 2391 2522 obvertebat,
2462 2456 2626 2507 eor·

609 2556 814 2628 pore,
863 2535 1029 2605 dum
1058 2533 1446 2622 calefieret,
1498 2535 1873 2607 admodum
1915 2537 1987 2605 in
2027 2532 2260 2605 solnm
2285 2535 2624 2626 .devexo;

611 2635 865 2707 eidem*
897 2656 1077 2707 vero
1142 2635 1396 2706 axillas
1451 2657 1738 2730 quoque
1804 2635 2199 2711 calfiaoiemi
2264 2647 2471 2709 nates
2519 2635 2623 2709 al-

608 2739 749 2808 tius
803 2736 1276 2830 erigebantur.
1377 2732 1845 2809 Paluatokius
1873 2757 2288 2808 sermonem·
2323 2737 2628 2832 loquen-

611 2842 781 2910 tium
833 2838 1030 2910 elare
1081 2839 1388 2925 audivit,
1448 2859 1850 2933 vocemque
1900 2835 2298 2930 Fjolneris,
2365 2842 2630 2932 patrui,

611 2941 682 3007 in
734 2938 847 3010 his
923 2941 1252 3027 distinete
1320 2942 1628 3032 agnovit.
1758 2939 1942 3010 Mox
2006 2942 2329 3030 sagittam
2399 2960 2626 3012 nervo

610 3037 1023 3132 applicatam
1070 3041 1140 3108 in
1193 3058 1441 3130 regem
1489 3033 1760 3134 emisit„
1796 3060 1980 3131 quae,
2031 3050 2110 3110 ut
2152 3038 2476 3134 plerique
2506 3061 2625 3112 re·-

609 3159 761 3209 rum
817 3141 1023 3233 periti
1075 3142 1435 3208 memoriae
1489 3139 1990 3231 prodiderunt,
2050 3142 2121 3209 in
2173 3143 2368 3234 ipsas
2417 3151 2627 3213 nates

614 3242 813 3331 regis
874 3244 1164 3311 incussa
1237 3259 1366 3332 per
1436 3239 1946 3332 longitudinem
2011 3245 2339 3334 eorporis
2402 3260 2626 3335 pene-

612 3344 822 3413 travit
873 3355 948 3413 et
998 3360 1092 3410 ex
1142 3362 1272 3410 ore
1327 3339 1662 3428 evolavit,
1713 3350 1790 3413 ut
1838 3363 1973 3412 rex
2023 3344 2096 3410 in
2146 3352 2406 3413 terram
2455 3363 2624 3413 exa-

613 3443 861 3528 nimuS,
910 3441 1102 3536 quod
1160 3439 1475 3512 naturale
1532 3452 1706 3529 erat,
1758 3440 2261 3514 collaberetur.
2350 3441 2628 3515 Omnes

614 3544 772 3635 ejus
798 3545 1127 3628 eomiteS,
1177 3541 1343 3637 quid
1396 3544 1784 3615 accidisset
1835 3545 2249 3636 conspicati,
2301 3564 2454 3615 rem
2489 3565 2626 3639 pro

611 3665 889 3715 summo
942 3642 1276 3738 prodigio
1324 3642 1618 3715 habere.
1724 3644 1857 3716 Hie
1893 3641 2192 3735 Fjolner
2213 3664 2623 3716 sermonem

612 3767 849 3832 orsus,
901 3744 1278 3831 hominem,
1330 3743 1625 3838 quiboe
1667 3744 2326 3837 facinuspatrasset
2376 3755 2452 3817 et
2469 3746 2624 3816 ani-

611 3869 727 3918 mo
758 3846 1364 3940 praedestinasset,
1412 3844 1994 3939 pessimis-furiis
2032 3848 2365 3937 agitatum
2397 3845 2628 3921 suisne

612 3948 945 4034 ostendit,
997 3945 1320 4040 hancque
1372 3967 1549 4032 rem,
1602 3966 1761 4041 quae
1814 3943 1936 4017 tali
1987 3947 2201 4018 modo
2234 3950 2627 4033 evenisset,

611 4051 951 4119 rarissimi
977 4045 1289 4140 exempli
1324 4067 1520 4118 esse.
1624 4044 2272 4138 Quoerentesinter
2297 4062 2412 4136 se,
2458 4048 2628 4141 quid

684 4184 738 4253 ¹)
770 4182 1027 4245 undecim,
1070 4180 1137 4242 B,
1180 4179 1242 4242 F,
1283 4180 1348 4234 R.
