<?xml version="1.0" encoding="UTF-8"?>
<!DOCTYPE html PUBLIC "-//W3C//DTD XHTML 1.0 Transitional//EN"
    "http://www.w3.org/TR/xhtml1/DTD/xhtml1-transitional.dtd">
<html xmlns="http://www.w3.org/1999/xhtml" xml:lang="en" lang="en">
 <head>
  <title>
</title>
<meta http-equiv="Content-Type" content="text/html;charset=utf-8" />
  <meta name='ocr-system' content='tesseract 3.04.00' />
  <meta name='ocr-capabilities' content='ocr_page ocr_carea ocr_par ocr_line ocrx_word'/>
</head>
<body>
  <div class='ocr_page' id='page_1' title='image "./scriptahistoric02dengoog_0206.png"; bbox 0 0 2950 4684; ppageno 0'>
   <div class='ocr_carea' id='block_1_1' title="bbox 612 297 2618 389">
    <p class='ocr_par' dir='ltr' id='par_1_1' title="bbox 612 297 2618 389">
     <span class='ocr_line' id='line_1_1' title="bbox 612 297 2618 389; baseline 0.004 -21"><span class='ocrx_word' id='word_1_1' title='bbox 612 297 779 388; x_wconf 61' lang='lat' dir='ltr'><strong>lm</strong></span> <span class='ocrx_word' id='word_1_2' title='bbox 1135 323 1500 374; x_wconf 60' lang='lat' dir='ltr'><strong>nmmum</strong></span> <span class='ocrx_word' id='word_1_3' title='bbox 1554 322 2071 372; x_wconf 67' lang='lat' dir='ltr'><strong>nunonem.</strong></span> <span class='ocrx_word' id='word_1_4' title='bbox 2407 324 2484 386; x_wconf 81' lang='lat' dir='ltr'><strong>c,</strong></span> <span class='ocrx_word' id='word_1_5' title='bbox 2519 322 2618 389; x_wconf 77' lang='lat'><strong>17,</strong></span> 
     </span>
    </p>
   </div>
   <div class='ocr_carea' id='block_1_2' title="bbox 605 505 2618 899">
    <p class='ocr_par' dir='ltr' id='par_1_2' title="bbox 605 505 2618 899">
     <span class='ocr_line' id='line_1_2' title="bbox 606 505 2618 601; baseline -0.001 -20"><span class='ocrx_word' id='word_1_6' title='bbox 606 521 747 582; x_wconf 87' lang='lat' dir='ltr'><strong>tum</strong></span> <span class='ocrx_word' id='word_1_7' title='bbox 799 529 1005 581; x_wconf 82' lang='lat' dir='ltr'><strong>suum</strong></span> <span class='ocrx_word' id='word_1_8' title='bbox 1059 508 1352 601; x_wconf 86' lang='lat' dir='ltr'><strong>imperio</strong></span> <span class='ocrx_word' id='word_1_9' title='bbox 1392 506 1782 599; x_wconf 83' lang='lat' dir='ltr'><strong>Norvegiae</strong></span> <span class='ocrx_word' id='word_1_10' title='bbox 1839 505 2182 600; x_wconf 81' lang='lat' dir='ltr'><strong>proefeeit,</strong></span> <span class='ocrx_word' id='word_1_11' title='bbox 2233 528 2377 601; x_wconf 83' lang='lat' dir='ltr'><strong>qno</strong></span> <span class='ocrx_word' id='word_1_12' title='bbox 2426 508 2618 580; x_wconf 72' lang='lat' dir='ltr'><strong>iacto</strong></span> 
     </span>
     <span class='ocr_line' id='line_1_3' title="bbox 605 605 2617 700; baseline -0 -20"><span class='ocrx_word' id='word_1_13' title='bbox 605 614 678 681; x_wconf 82' lang='lat' dir='ltr'><strong>in</strong></span> <span class='ocrx_word' id='word_1_14' title='bbox 707 609 1006 679; x_wconf 85' lang='lat' dir='ltr'><strong>Daniam</strong></span> <span class='ocrx_word' id='word_1_15' title='bbox 1050 608 1293 695; x_wconf 82' lang='lat' dir='ltr'><strong>rediit3</strong></span> <span class='ocrx_word' id='word_1_16' title='bbox 1344 627 1479 677; x_wconf 80' lang='lat' dir='ltr'><strong>rex</strong></span> <span class='ocrx_word' id='word_1_17' title='bbox 1531 627 1709 678; x_wconf 86' lang='lat' dir='ltr'><strong>vero</strong></span> <span class='ocrx_word' id='word_1_18' title='bbox 1737 605 2016 677; x_wconf 86' lang='lat' dir='ltr'><strong>Olavus</strong></span> <span class='ocrx_word' id='word_1_19' title='bbox 2070 627 2113 677; x_wconf 90' lang='lat' dir='ltr'><strong>e</strong></span> <span class='ocrx_word' id='word_1_20' title='bbox 2166 627 2397 698; x_wconf 83' lang='lat' dir='ltr'><strong>regno</strong></span> <span class='ocrx_word' id='word_1_21' title='bbox 2449 630 2617 700; x_wconf 87' lang='lat' dir='ltr'><strong>pro-</strong></span> 
     </span>
     <span class='ocr_line' id='line_1_4' title="bbox 605 706 2616 803; baseline -0.001 -22"><span class='ocrx_word' id='word_1_22' title='bbox 605 710 931 803; x_wconf 69' lang='lat' dir='ltr'><strong>fugiente,</strong></span> <span class='ocrx_word' id='word_1_23' title='bbox 999 710 1340 779; x_wconf 78' lang='lat' dir='ltr'><strong>orientem</strong></span> <span class='ocrx_word' id='word_1_24' title='bbox 1407 727 1683 786; x_wconf 85' lang='lat' dir='ltr'><strong>versus</strong></span> <span class='ocrx_word' id='word_1_25' title='bbox 1736 709 1808 775; x_wconf 89' lang='lat' dir='ltr'><strong>in</strong></span> <span class='ocrx_word' id='word_1_26' title='bbox 1859 727 2156 797; x_wconf 82' lang='lat' dir='ltr'><strong>regnum</strong></span> <span class='ocrx_word' id='word_1_27' title='bbox 2211 706 2616 779; x_wconf 83' lang='lat' dir='ltr'><strong>Gardornm</strong></span> 
     </span>
     <span class='ocr_line' id='line_1_5' title="bbox 605 806 2616 899; baseline -0.002 -18"><span class='ocrx_word' id='word_1_28' title='bbox 605 814 854 897; x_wconf 83' lang='lat' dir='ltr'><strong>cessit,</strong></span> <span class='ocrx_word' id='word_1_29' title='bbox 901 810 1094 881; x_wconf 83' lang='lat' dir='ltr'><strong>unde</strong></span> <span class='ocrx_word' id='word_1_30' title='bbox 1149 807 1424 879; x_wconf 81' lang='lat' dir='ltr'><strong>duabus</strong></span> <span class='ocrx_word' id='word_1_31' title='bbox 1480 816 1644 899; x_wconf 86' lang='lat' dir='ltr'><strong>post</strong></span> <span class='ocrx_word' id='word_1_32' title='bbox 1693 806 2045 877; x_wconf 84' lang='lat' dir='ltr'><strong>hiemibus</strong></span> <span class='ocrx_word' id='word_1_33' title='bbox 2074 809 2143 875; x_wconf 86' lang='lat' dir='ltr'><strong>in</strong></span> <span class='ocrx_word' id='word_1_34' title='bbox 2178 806 2616 899; x_wconf 83' lang='lat' dir='ltr'><strong>Nurvegiam</strong></span> 
     </span>
    </p>
   </div>
   <div class='ocr_carea' id='block_1_3' title="bbox 2942 311 2945 859">
    <p class='ocr_par' dir='ltr' id='par_1_3' title="bbox 2942 311 2945 859">
     <span class='ocr_line' id='line_1_6' title="bbox 2942 311 2945 859; baseline 0 0"><span class='ocrx_word' id='word_1_35' title='bbox 2942 311 2945 859; x_wconf 95' lang='lat' dir='ltr'><strong> </strong></span> 
     </span>
    </p>
   </div>
   <div class='ocr_carea' id='block_1_4' title="bbox 604 905 2739 1001">
    <p class='ocr_par' dir='ltr' id='par_1_4' title="bbox 604 905 2739 1001">
     <span class='ocr_line' id='line_1_7' title="bbox 604 905 2739 1001; baseline -0.002 -19"><span class='ocrx_word' id='word_1_36' title='bbox 604 931 973 995; x_wconf 65' lang='lat' dir='ltr'><strong>reversum,</strong></span> <span class='ocrx_word' id='word_1_37' title='bbox 1023 930 1183 980; x_wconf 83' lang='lat' dir='ltr'><strong>eum</strong></span> <span class='ocrx_word' id='word_1_38' title='bbox 1237 907 1600 1001; x_wconf 81' lang='lat' dir='ltr'><strong>praefectis</strong></span> <span class='ocrx_word' id='word_1_39' title='bbox 1631 910 1808 992; x_wconf 84' lang='lat' dir='ltr'><strong>suis,</strong></span> <span class='ocrx_word' id='word_1_40' title='bbox 1863 909 1978 1001; x_wconf 84' lang='lat' dir='ltr'><strong>qui</strong></span> <span class='ocrx_word' id='word_1_41' title='bbox 2010 905 2218 977; x_wconf 86' lang='lat' dir='ltr'><strong>fidem</strong></span> <span class='ocrx_word' id='word_1_42' title='bbox 2247 929 2420 998; x_wconf 85' lang='lat' dir='ltr'><strong>erga</strong></span> <span class='ocrx_word' id='word_1_43' title='bbox 2453 930 2614 979; x_wconf 88' lang='lat' dir='ltr'><strong>eum</strong></span> <span class='ocrx_word' id='word_1_44' title='bbox 2733 914 2739 917; x_wconf 67' lang='grc'><em>“</em></span> 
     </span>
    </p>
   </div>
   <div class='ocr_carea' id='block_1_5' title="bbox 598 1006 2618 4096">
    <p class='ocr_par' dir='ltr' id='par_1_5' title="bbox 598 1006 2618 4096">
     <span class='ocr_line' id='line_1_8' title="bbox 604 1006 2617 1104; baseline -0.001 -23"><span class='ocrx_word' id='word_1_45' title='bbox 604 1013 1086 1104; x_wconf 78' lang='lat' dir='ltr'><strong>migraverant</strong></span> <span class='ocrx_word' id='word_1_46' title='bbox 1139 1017 1214 1079; x_wconf 87' lang='lat' dir='ltr'><strong>et</strong></span> <span class='ocrx_word' id='word_1_47' title='bbox 1256 1006 1804 1091; x_wconf 85' lang='lat' dir='ltr'><strong>rebellaverant,</strong></span> <span class='ocrx_word' id='word_1_48' title='bbox 1854 1009 2119 1098; x_wconf 87' lang='lat' dir='ltr'><strong>ingenti</strong></span> <span class='ocrx_word' id='word_1_49' title='bbox 2169 1006 2419 1099; x_wconf 76' lang='lat' dir='ltr'><strong>proelio</strong></span> <span class='ocrx_word' id='word_1_50' title='bbox 2472 1006 2617 1078; x_wconf 86' lang='lat' dir='ltr'><strong>Sti-</strong></span> 
     </span>
     <span class='ocr_line' id='line_1_9' title="bbox 606 1103 2618 1201; baseline -0.002 -19"><span class='ocrx_word' id='word_1_51' title='bbox 606 1110 950 1183; x_wconf 83' lang='lat' dir='ltr'><strong>klastadis</strong></span> <span class='ocrx_word' id='word_1_52' title='bbox 979 1109 1322 1194; x_wconf 83' lang='lat' dir='ltr'><strong>conflixit3</strong></span> <span class='ocrx_word' id='word_1_53' title='bbox 1375 1129 1518 1201; x_wconf 85' lang='lat' dir='ltr'><strong>qno</strong></span> <span class='ocrx_word' id='word_1_54' title='bbox 1572 1107 1736 1177; x_wconf 85' lang='lat' dir='ltr'><strong>loco</strong></span> <span class='ocrx_word' id='word_1_55' title='bbox 1790 1128 1928 1176; x_wconf 86' lang='lat' dir='ltr'><strong>rex.</strong></span> <span class='ocrx_word' id='word_1_56' title='bbox 1954 1103 2254 1192; x_wconf 68' lang='lat' dir='ltr'><strong>(Navae,</strong></span> <span class='ocrx_word' id='word_1_57' title='bbox 2305 1117 2383 1177; x_wconf 89' lang='lat' dir='ltr'><strong>ut</strong></span> <span class='ocrx_word' id='word_1_58' title='bbox 2430 1110 2618 1178; x_wconf 87' lang='lat' dir='ltr'><strong>inter</strong></span> 
     </span>
     <span class='ocr_line' id='line_1_10' title="bbox 606 1208 2617 1300; baseline -0.001 -19"><span class='ocrx_word' id='word_1_59' title='bbox 606 1232 857 1281; x_wconf 86' lang='lat' dir='ltr'><strong>omnes</strong></span> <span class='ocrx_word' id='word_1_60' title='bbox 910 1218 1210 1293; x_wconf 79' lang='lat' dir='ltr'><strong>constat,</strong></span> <span class='ocrx_word' id='word_1_61' title='bbox 1263 1208 1556 1294; x_wconf 83' lang='lat' dir='ltr'><strong>cecidit3</strong></span> <span class='ocrx_word' id='word_1_62' title='bbox 1610 1210 1675 1277; x_wconf 86' lang='lat' dir='ltr'><strong>is</strong></span> <span class='ocrx_word' id='word_1_63' title='bbox 1703 1217 1992 1277; x_wconf 85' lang='lat' dir='ltr'><strong>sanetus</strong></span> <span class='ocrx_word' id='word_1_64' title='bbox 2022 1217 2157 1292; x_wconf 84' lang='lat' dir='ltr'><strong>est,</strong></span> <span class='ocrx_word' id='word_1_65' title='bbox 2208 1209 2617 1300; x_wconf 86' lang='lat' dir='ltr'><strong>scrinioque</strong></span> 
     </span>
     <span class='ocr_line' id='line_1_11' title="bbox 605 1306 2615 1402; baseline -0.002 -21"><span class='ocrx_word' id='word_1_66' title='bbox 605 1312 1043 1402; x_wconf 81' lang='lat' dir='ltr'><strong>compositus</strong></span> <span class='ocrx_word' id='word_1_67' title='bbox 1108 1307 1444 1379; x_wconf 83' lang='lat' dir='ltr'><strong>Nidarosi</strong></span> <span class='ocrx_word' id='word_1_68' title='bbox 1518 1308 1836 1401; x_wconf 85' lang='lat' dir='ltr'><strong>quiescit.</strong></span> <span class='ocrx_word' id='word_1_69' title='bbox 1970 1306 2294 1398; x_wconf 84' lang='lat' dir='ltr'><strong>Dynasta</strong></span> <span class='ocrx_word' id='word_1_70' title='bbox 2360 1306 2615 1377; x_wconf 86' lang='lat' dir='ltr'><strong>Hakon</strong></span> 
     </span>
     <span class='ocr_line' id='line_1_12' title="bbox 603 1404 2616 1499; baseline -0.001 -17"><span class='ocrx_word' id='word_1_71' title='bbox 603 1410 826 1482; x_wconf 81' lang='lat' dir='ltr'><strong>Eitiki</strong></span> <span class='ocrx_word' id='word_1_72' title='bbox 877 1407 1104 1493; x_wconf 80' lang='lat' dir='ltr'><strong>filius,</strong></span> <span class='ocrx_word' id='word_1_73' title='bbox 1174 1428 1310 1478; x_wconf 91' lang='lat' dir='ltr'><strong>una</strong></span> <span class='ocrx_word' id='word_1_74' title='bbox 1382 1407 1616 1478; x_wconf 89' lang='lat' dir='ltr'><strong>hieme</strong></span> <span class='ocrx_word' id='word_1_75' title='bbox 1680 1416 1842 1479; x_wconf 81' lang='lat' dir='ltr'><strong>ante</strong></span> <span class='ocrx_word' id='word_1_76' title='bbox 1895 1427 2095 1499; x_wconf 87' lang='lat' dir='ltr'><strong>quam</strong></span> <span class='ocrx_word' id='word_1_77' title='bbox 2148 1428 2281 1476; x_wconf 83' lang='lat' dir='ltr'><strong>rex</strong></span> <span class='ocrx_word' id='word_1_78' title='bbox 2334 1404 2616 1479; x_wconf 83' lang='lat' dir='ltr'><strong>Olavus</strong></span> 
     </span>
     <span class='ocr_line' id='line_1_13' title="bbox 606 1506 2615 1599; baseline -0.001 -19"><span class='ocrx_word' id='word_1_79' title='bbox 606 1508 916 1581; x_wconf 83' lang='lat' dir='ltr'><strong>Sanetus</strong></span> <span class='ocrx_word' id='word_1_80' title='bbox 968 1509 1260 1591; x_wconf 80' lang='lat' dir='ltr'><strong>cecidit,</strong></span> <span class='ocrx_word' id='word_1_81' title='bbox 1328 1509 1498 1577; x_wconf 87' lang='lat' dir='ltr'><strong>mari</strong></span> <span class='ocrx_word' id='word_1_82' title='bbox 1552 1508 1860 1597; x_wconf 83' lang='lat' dir='ltr'><strong>Anglieo</strong></span> <span class='ocrx_word' id='word_1_83' title='bbox 1910 1506 2333 1577; x_wconf 83' lang='lat' dir='ltr'><strong>submersus</strong></span> <span class='ocrx_word' id='word_1_84' title='bbox 2385 1511 2615 1599; x_wconf 86' lang='lat' dir='ltr'><strong>periit.</strong></span> 
     </span>
     <span class='ocr_line' id='line_1_14' title="bbox 602 1605 2614 1698; baseline -0.001 -19"><span class='ocrx_word' id='word_1_85' title='bbox 602 1607 783 1681; x_wconf 87' lang='lat' dir='ltr'><strong>Tum</strong></span> <span class='ocrx_word' id='word_1_86' title='bbox 836 1605 1082 1694; x_wconf 67' lang='lat' dir='ltr'><strong>Smin,</strong></span> <span class='ocrx_word' id='word_1_87' title='bbox 1132 1605 1321 1683; x_wconf 86' lang='lat' dir='ltr'><strong>filins</strong></span> <span class='ocrx_word' id='word_1_88' title='bbox 1373 1609 1572 1698; x_wconf 83' lang='lat' dir='ltr'><strong>regis</strong></span> <span class='ocrx_word' id='word_1_89' title='bbox 1622 1605 1835 1676; x_wconf 88' lang='lat' dir='ltr'><strong>Knuti</strong></span> <span class='ocrx_word' id='word_1_90' title='bbox 1891 1616 1964 1676; x_wconf 87' lang='lat' dir='ltr'><strong>et</strong></span> <span class='ocrx_word' id='word_1_91' title='bbox 1996 1605 2276 1692; x_wconf 82' lang='lat' dir='ltr'><strong>Alfivae,</strong></span> <span class='ocrx_word' id='word_1_92' title='bbox 2327 1609 2396 1676; x_wconf 90' lang='lat' dir='ltr'><strong>in</strong></span> <span class='ocrx_word' id='word_1_93' title='bbox 2424 1606 2614 1677; x_wconf 83' lang='lat' dir='ltr'><strong>Nor-</strong></span> 
     </span>
     <span class='ocr_line' id='line_1_15' title="bbox 605 1705 2613 1801; baseline -0.001 -21"><span class='ocrx_word' id='word_1_94' title='bbox 605 1713 883 1801; x_wconf 84' lang='lat' dir='ltr'><strong>vegiam</strong></span> <span class='ocrx_word' id='word_1_95' title='bbox 935 1710 1168 1792; x_wconf 85' lang='lat' dir='ltr'><strong>venit,</strong></span> <span class='ocrx_word' id='word_1_96' title='bbox 1222 1715 1297 1777; x_wconf 88' lang='lat' dir='ltr'><strong>et</strong></span> <span class='ocrx_word' id='word_1_97' title='bbox 1345 1709 1765 1777; x_wconf 83' lang='lat' dir='ltr'><strong>auctoritate</strong></span> <span class='ocrx_word' id='word_1_98' title='bbox 1818 1709 2017 1797; x_wconf 85' lang='lat' dir='ltr'><strong>regis</strong></span> <span class='ocrx_word' id='word_1_99' title='bbox 2067 1705 2326 1793; x_wconf 71' lang='lat' dir='ltr'><strong>Enati,</strong></span> <span class='ocrx_word' id='word_1_100' title='bbox 2391 1710 2613 1799; x_wconf 84' lang='lat' dir='ltr'><strong>patris</strong></span> 
     </span>
     <span class='ocr_line' id='line_1_16' title="bbox 602 1806 2615 1899; baseline -0.002 -18"><span class='ocrx_word' id='word_1_101' title='bbox 602 1813 740 1896; x_wconf 84' lang='lat' dir='ltr'><strong>sui,</strong></span> <span class='ocrx_word' id='word_1_102' title='bbox 794 1811 1015 1880; x_wconf 87' lang='lat' dir='ltr'><strong>totius</strong></span> <span class='ocrx_word' id='word_1_103' title='bbox 1063 1810 1338 1899; x_wconf 88' lang='lat' dir='ltr'><strong>imperii</strong></span> <span class='ocrx_word' id='word_1_104' title='bbox 1389 1828 1522 1876; x_wconf 84' lang='lat' dir='ltr'><strong>rex</strong></span> <span class='ocrx_word' id='word_1_105' title='bbox 1576 1816 1862 1877; x_wconf 83' lang='lat' dir='ltr'><strong>creatus</strong></span> <span class='ocrx_word' id='word_1_106' title='bbox 1916 1815 2047 1877; x_wconf 86' lang='lat' dir='ltr'><strong>est.</strong></span> <span class='ocrx_word' id='word_1_107' title='bbox 2143 1806 2307 1876; x_wconf 82' lang='lat' dir='ltr'><strong>Rex</strong></span> <span class='ocrx_word' id='word_1_108' title='bbox 2328 1806 2615 1878; x_wconf 87' lang='lat' dir='ltr'><strong>Knntus</strong></span> 
     </span>
     <span class='ocr_line' id='line_1_17' title="bbox 601 1907 2612 1998; baseline -0.002 -17"><span class='ocrx_word' id='word_1_109' title='bbox 601 1909 912 1981; x_wconf 83' lang='lat' dir='ltr'><strong>Knutum</strong></span> <span class='ocrx_word' id='word_1_110' title='bbox 967 1907 1442 1993; x_wconf 84' lang='lat' dir='ltr'><strong>Hordensem‚</strong></span> <span class='ocrx_word' id='word_1_111' title='bbox 1494 1907 1708 1978; x_wconf 88' lang='lat' dir='ltr'><strong>filium</strong></span> <span class='ocrx_word' id='word_1_112' title='bbox 1760 1928 1990 1991; x_wconf 83' lang='lat' dir='ltr'><strong>suum,</strong></span> <span class='ocrx_word' id='word_1_113' title='bbox 2042 1910 2337 1998; x_wconf 85' lang='lat' dir='ltr'><strong>imperio</strong></span> <span class='ocrx_word' id='word_1_114' title='bbox 2370 1907 2612 1977; x_wconf 84' lang='lat' dir='ltr'><strong>Dano-</strong></span> 
     </span>
     <span class='ocr_line' id='line_1_18' title="bbox 602 2006 2612 2101; baseline -0.003 -19"><span class='ocrx_word' id='word_1_115' title='bbox 602 2032 797 2096; x_wconf 82' lang='lat' dir='ltr'><strong>rum,</strong></span> <span class='ocrx_word' id='word_1_116' title='bbox 866 2011 979 2079; x_wconf 83' lang='lat' dir='ltr'><strong>cui</strong></span> <span class='ocrx_word' id='word_1_117' title='bbox 1031 2029 1164 2078; x_wconf 87' lang='lat' dir='ltr'><strong>rex</strong></span> <span class='ocrx_word' id='word_1_118' title='bbox 1214 2018 1606 2101; x_wconf 82' lang='lat' dir='ltr'><strong>praeesset,</strong></span> <span class='ocrx_word' id='word_1_119' title='bbox 1674 2006 2012 2100; x_wconf 75' lang='lat' dir='ltr'><strong>praeieeit.</strong></span> <span class='ocrx_word' id='word_1_120' title='bbox 2112 2007 2277 2077; x_wconf 87' lang='lat' dir='ltr'><strong>Rex</strong></span> <span class='ocrx_word' id='word_1_121' title='bbox 2325 2006 2612 2077; x_wconf 81' lang='lat' dir='ltr'><strong>Knutus</strong></span> 
     </span>
     <span class='ocr_line' id='line_1_19' title="bbox 607 2106 2612 2200; baseline -0.002 -19"><span class='ocrx_word' id='word_1_122' title='bbox 607 2114 815 2181; x_wconf 79' lang='lat' dir='ltr'><strong>etiam</strong></span> <span class='ocrx_word' id='word_1_123' title='bbox 887 2129 1204 2200; x_wconf 80' lang='lat' dir='ltr'><strong>magnam</strong></span> <span class='ocrx_word' id='word_1_124' title='bbox 1263 2107 1535 2178; x_wconf 80' lang='lat' dir='ltr'><strong>Skotiae</strong></span> <span class='ocrx_word' id='word_1_125' title='bbox 1607 2118 1872 2200; x_wconf 87' lang='lat' dir='ltr'><strong>partem</strong></span> <span class='ocrx_word' id='word_1_126' title='bbox 1941 2111 2010 2177; x_wconf 89' lang='lat' dir='ltr'><strong>in</strong></span> <span class='ocrx_word' id='word_1_127' title='bbox 2080 2116 2437 2199; x_wconf 80' lang='lat' dir='ltr'><strong>potestate</strong></span> <span class='ocrx_word' id='word_1_128' title='bbox 2491 2106 2612 2177; x_wconf 85' lang='lat' dir='ltr'><strong>ha·</strong></span> 
     </span>
     <span class='ocr_line' id='line_1_20' title="bbox 602 2207 2612 2300; baseline -0.002 -19"><span class='ocrx_word' id='word_1_129' title='bbox 602 2209 787 2294; x_wconf 83' lang='lat' dir='ltr'><strong>huit,</strong></span> <span class='ocrx_word' id='word_1_130' title='bbox 856 2211 969 2279; x_wconf 82' lang='lat' dir='ltr'><strong>eni</strong></span> <span class='ocrx_word' id='word_1_131' title='bbox 1021 2228 1269 2299; x_wconf 80' lang='lat' dir='ltr'><strong>regem</strong></span> <span class='ocrx_word' id='word_1_132' title='bbox 1323 2208 1645 2300; x_wconf 85' lang='lat' dir='ltr'><strong>praeseeit</strong></span> <span class='ocrx_word' id='word_1_133' title='bbox 1693 2207 1905 2278; x_wconf 87' lang='lat' dir='ltr'><strong>filium</strong></span> <span class='ocrx_word' id='word_1_134' title='bbox 1960 2207 2385 2292; x_wconf 71' lang='lat' dir='ltr'><strong>flammam,</strong></span> <span class='ocrx_word' id='word_1_135' title='bbox 2452 2210 2612 2299; x_wconf 86' lang='lat' dir='ltr'><strong>ipse</strong></span> 
     </span>
     <span class='ocr_line' id='line_1_21' title="bbox 606 2305 2612 2398; baseline -0.002 -17"><span class='ocrx_word' id='word_1_136' title='bbox 606 2329 783 2381; x_wconf 82' lang='lat' dir='ltr'><strong>vero</strong></span> <span class='ocrx_word' id='word_1_137' title='bbox 847 2305 1096 2377; x_wconf 85' lang='lat' dir='ltr'><strong>horum</strong></span> <span class='ocrx_word' id='word_1_138' title='bbox 1170 2309 1475 2376; x_wconf 85' lang='lat' dir='ltr'><strong>omnium</strong></span> <span class='ocrx_word' id='word_1_139' title='bbox 1541 2327 1674 2376; x_wconf 85' lang='lat' dir='ltr'><strong>rex</strong></span> <span class='ocrx_word' id='word_1_140' title='bbox 1735 2328 2115 2398; x_wconf 87' lang='lat' dir='ltr'><strong>supremus</strong></span> <span class='ocrx_word' id='word_1_141' title='bbox 2169 2318 2353 2396; x_wconf 84' lang='lat' dir='ltr'><strong>erat3</strong></span> <span class='ocrx_word' id='word_1_142' title='bbox 2422 2308 2612 2377; x_wconf 84' lang='lat' dir='ltr'><strong>idem</strong></span> 
     </span>
     <span class='ocr_line' id='line_1_22' title="bbox 603 2405 2613 2501; baseline -0.002 -20"><span class='ocrx_word' id='word_1_143' title='bbox 603 2405 1002 2501; x_wconf 78' lang='lat' dir='ltr'><strong>appellatus</strong></span> <span class='ocrx_word' id='word_1_144' title='bbox 1055 2415 1170 2477; x_wconf 86' lang='lat' dir='ltr'><strong>est</strong></span> <span class='ocrx_word' id='word_1_145' title='bbox 1216 2405 1503 2476; x_wconf 85' lang='lat' dir='ltr'><strong>Knutus</strong></span> <span class='ocrx_word' id='word_1_146' title='bbox 1525 2405 1802 2476; x_wconf 83' lang='lat' dir='ltr'><strong>Potens</strong></span> <span class='ocrx_word' id='word_1_147' title='bbox 1852 2417 1974 2478; x_wconf 87' lang='lat' dir='ltr'><strong>aut</strong></span> <span class='ocrx_word' id='word_1_148' title='bbox 2009 2406 2295 2479; x_wconf 86' lang='lat' dir='ltr'><strong>Knutns</strong></span> <span class='ocrx_word' id='word_1_149' title='bbox 2326 2406 2613 2493; x_wconf 78' lang='lat' dir='ltr'><strong>Senior,</strong></span> 
     </span>
     <span class='ocr_line' id='line_1_23' title="bbox 602 2505 2612 2601; baseline -0.002 -21"><span class='ocrx_word' id='word_1_150' title='bbox 602 2508 873 2601; x_wconf 81' lang='lat' dir='ltr'><strong>fuitque</strong></span> <span class='ocrx_word' id='word_1_151' title='bbox 924 2527 1057 2576; x_wconf 87' lang='lat' dir='ltr'><strong>rex</strong></span> <span class='ocrx_word' id='word_1_152' title='bbox 1093 2506 1366 2576; x_wconf 81' lang='lat' dir='ltr'><strong>Daniea</strong></span> <span class='ocrx_word' id='word_1_153' title='bbox 1418 2505 1660 2598; x_wconf 83' lang='lat' dir='ltr'><strong>lingna</strong></span> <span class='ocrx_word' id='word_1_154' title='bbox 1710 2505 2146 2601; x_wconf 80' lang='lat' dir='ltr'><strong>loquentium</strong></span> <span class='ocrx_word' id='word_1_155' title='bbox 2200 2510 2612 2600; x_wconf 80' lang='lat' dir='ltr'><strong>potentissi-</strong></span> 
     </span>
     <span class='ocr_line' id='line_1_24' title="bbox 603 2605 2613 2700; baseline -0.001 -20"><span class='ocrx_word' id='word_1_156' title='bbox 603 2629 761 2696; x_wconf 71' lang='lat' dir='ltr'><strong>mus</strong></span> <span class='ocrx_word' id='word_1_157' title='bbox 803 2609 1220 2700; x_wconf 86' lang='lat' dir='ltr'><strong>imperiique</strong></span> <span class='ocrx_word' id='word_1_158' title='bbox 1274 2605 1616 2679; x_wconf 80' lang='lat' dir='ltr'><strong>latissimi.</strong></span> <span class='ocrx_word' id='word_1_159' title='bbox 1715 2606 1882 2678; x_wconf 87' lang='lat' dir='ltr'><strong>Rex</strong></span> <span class='ocrx_word' id='word_1_160' title='bbox 1911 2605 2221 2693; x_wconf 76' lang='lat' dir='ltr'><strong>KnutuS‚</strong></span> <span class='ocrx_word' id='word_1_161' title='bbox 2275 2621 2613 2700; x_wconf 79' lang='lat' dir='ltr'><strong>suscepta</strong></span> 
     </span>
     <span class='ocr_line' id='line_1_25' title="bbox 605 2706 2608 2800; baseline -0.002 -19"><span class='ocrx_word' id='word_1_162' title='bbox 605 2732 648 2781; x_wconf 91' lang='lat' dir='ltr'><strong>e</strong></span> <span class='ocrx_word' id='word_1_163' title='bbox 704 2729 932 2800; x_wconf 84' lang='lat' dir='ltr'><strong>regno</strong></span> <span class='ocrx_word' id='word_1_164' title='bbox 967 2709 1563 2800; x_wconf 84' lang='lat' dir='ltr'><strong>peregrinatione,</strong></span> <span class='ocrx_word' id='word_1_165' title='bbox 1618 2708 1981 2778; x_wconf 84' lang='lat' dir='ltr'><strong>meridiem</strong></span> <span class='ocrx_word' id='word_1_166' title='bbox 2022 2728 2286 2778; x_wconf 84' lang='lat' dir='ltr'><strong>versus</strong></span> <span class='ocrx_word' id='word_1_167' title='bbox 2312 2706 2608 2778; x_wconf 84' lang='lat' dir='ltr'><strong>Romam</strong></span> 
     </span>
     <span class='ocr_line' id='line_1_26' title="bbox 602 2809 2607 2905; baseline -0.001 -25"><span class='ocrx_word' id='word_1_168' title='bbox 602 2809 970 2905; x_wconf 78' lang='lat' dir='ltr'><strong>profectus</strong></span> <span class='ocrx_word' id='word_1_169' title='bbox 1023 2817 1167 2894; x_wconf 85' lang='lat' dir='ltr'><strong>est3</strong></span> <span class='ocrx_word' id='word_1_170' title='bbox 1218 2809 1289 2878; x_wconf 89' lang='lat' dir='ltr'><strong>in</strong></span> <span class='ocrx_word' id='word_1_171' title='bbox 1343 2830 1484 2903; x_wconf 82' lang='lat' dir='ltr'><strong>quo</strong></span> <span class='ocrx_word' id='word_1_172' title='bbox 1512 2810 1769 2879; x_wconf 87' lang='lat' dir='ltr'><strong>itinere</strong></span> <span class='ocrx_word' id='word_1_173' title='bbox 1797 2817 2034 2878; x_wconf 84' lang='lat' dir='ltr'><strong>tantos</strong></span> <span class='ocrx_word' id='word_1_174' title='bbox 2062 2812 2387 2901; x_wconf 78' lang='lat' dir='ltr'><strong>pecuniae</strong></span> <span class='ocrx_word' id='word_1_175' title='bbox 2419 2829 2607 2879; x_wconf 88' lang='lat' dir='ltr'><strong>sum-</strong></span> 
     </span>
     <span class='ocr_line' id='line_1_27' title="bbox 603 2908 2608 3001; baseline -0.001 -20"><span class='ocrx_word' id='word_1_176' title='bbox 603 2920 719 2981; x_wconf 81' lang='lat' dir='ltr'><strong>tus</strong></span> <span class='ocrx_word' id='word_1_177' title='bbox 768 2908 962 2992; x_wconf 85' lang='lat' dir='ltr'><strong>fecit,</strong></span> <span class='ocrx_word' id='word_1_178' title='bbox 1015 2917 1094 2978; x_wconf 86' lang='lat' dir='ltr'><strong>ut</strong></span> <span class='ocrx_word' id='word_1_179' title='bbox 1143 2928 1352 2979; x_wconf 87' lang='lat' dir='ltr'><strong>nemo</strong></span> <span class='ocrx_word' id='word_1_180' title='bbox 1399 2908 1848 2993; x_wconf 79' lang='lat' dir='ltr'><strong>selibrarum,</strong></span> <span class='ocrx_word' id='word_1_181' title='bbox 1898 2917 1972 2979; x_wconf 90' lang='lat' dir='ltr'><strong>et</strong></span> <span class='ocrx_word' id='word_1_182' title='bbox 2024 2929 2113 2976; x_wconf 88' lang='lat' dir='ltr'><strong>ne</strong></span> <span class='ocrx_word' id='word_1_183' title='bbox 2165 2909 2404 3001; x_wconf 74' lang='lat' dir='ltr'><strong>pondo</strong></span> <span class='ocrx_word' id='word_1_184' title='bbox 2458 2910 2608 3001; x_wconf 89' lang='lat' dir='ltr'><strong>qui·</strong></span> 
     </span>
     <span class='ocr_line' id='line_1_28' title="bbox 602 3008 2610 3099; baseline 0.001 -21"><span class='ocrx_word' id='word_1_185' title='bbox 602 3008 790 3092; x_wconf 81' lang='lat' dir='ltr'><strong>dem,</strong></span> <span class='ocrx_word' id='word_1_186' title='bbox 839 3027 1204 3078; x_wconf 87' lang='lat' dir='ltr'><strong>numerum</strong></span> <span class='ocrx_word' id='word_1_187' title='bbox 1256 3011 1496 3078; x_wconf 83' lang='lat' dir='ltr'><strong>sciret.</strong></span> <span class='ocrx_word' id='word_1_188' title='bbox 1576 3008 1936 3079; x_wconf 78' lang='lat' dir='ltr'><strong>Attulerat</strong></span> <span class='ocrx_word' id='word_1_189' title='bbox 1983 3028 2228 3078; x_wconf 78' lang='lat' dir='ltr'><strong>secum</strong></span> <span class='ocrx_word' id='word_1_190' title='bbox 2286 3031 2328 3078; x_wconf 86' lang='lat' dir='ltr'><strong>e</strong></span> <span class='ocrx_word' id='word_1_191' title='bbox 2380 3030 2610 3099; x_wconf 83' lang='lat' dir='ltr'><strong>regno</strong></span> 
     </span>
     <span class='ocr_line' id='line_1_29' title="bbox 600 3108 2609 3200; baseline 0 -21"><span class='ocrx_word' id='word_1_192' title='bbox 600 3127 739 3179; x_wconf 81' lang='lat' dir='ltr'><strong>sno</strong></span> <span class='ocrx_word' id='word_1_193' title='bbox 789 3109 1147 3196; x_wconf 84' lang='lat' dir='ltr'><strong>ingentem</strong></span> <span class='ocrx_word' id='word_1_194' title='bbox 1203 3108 1523 3199; x_wconf 76' lang='lat' dir='ltr'><strong>pecuniae</strong></span> <span class='ocrx_word' id='word_1_195' title='bbox 1572 3129 1934 3192; x_wconf 85' lang='lat' dir='ltr'><strong>summam,</strong></span> <span class='ocrx_word' id='word_1_196' title='bbox 1987 3111 2434 3200; x_wconf 83' lang='lat' dir='ltr'><strong>imperatoris</strong></span> <span class='ocrx_word' id='word_1_197' title='bbox 2487 3130 2609 3180; x_wconf 81' lang='lat' dir='ltr'><strong>eo-</strong></span> 
     </span>
     <span class='ocr_line' id='line_1_30' title="bbox 603 3204 2607 3301; baseline 0 -24"><span class='ocrx_word' id='word_1_198' title='bbox 603 3210 737 3301; x_wconf 83' lang='lat' dir='ltr'><strong>pia,</strong></span> <span class='ocrx_word' id='word_1_199' title='bbox 787 3204 1020 3277; x_wconf 79' lang='lat' dir='ltr'><strong>sicubi</strong></span> <span class='ocrx_word' id='word_1_200' title='bbox 1072 3207 1138 3274; x_wconf 91' lang='lat' dir='ltr'><strong>ei</strong></span> <span class='ocrx_word' id='word_1_201' title='bbox 1191 3205 1533 3299; x_wconf 85' lang='lat' dir='ltr'><strong>placeret,</strong></span> <span class='ocrx_word' id='word_1_202' title='bbox 1583 3206 1874 3277; x_wconf 84' lang='lat' dir='ltr'><strong>liberam</strong></span> <span class='ocrx_word' id='word_1_203' title='bbox 1912 3208 2153 3278; x_wconf 84' lang='lat' dir='ltr'><strong>utendi</strong></span> <span class='ocrx_word' id='word_1_204' title='bbox 2185 3209 2607 3301; x_wconf 83' lang='lat' dir='ltr'><strong>potestatem</strong></span> 
     </span>
     <span class='ocr_line' id='line_1_31' title="bbox 601 3304 2608 3401; baseline 0 -22"><span class='ocrx_word' id='word_1_205' title='bbox 601 3307 858 3379; x_wconf 84' lang='lat' dir='ltr'><strong>habuit.</strong></span> <span class='ocrx_word' id='word_1_206' title='bbox 960 3304 1148 3375; x_wconf 87' lang='lat' dir='ltr'><strong>Dum</strong></span> <span class='ocrx_word' id='word_1_207' title='bbox 1204 3326 1337 3375; x_wconf 79' lang='lat' dir='ltr'><strong>rex</strong></span> <span class='ocrx_word' id='word_1_208' title='bbox 1389 3304 1674 3377; x_wconf 83' lang='lat' dir='ltr'><strong>Knutus</strong></span> <span class='ocrx_word' id='word_1_209' title='bbox 1726 3310 1793 3376; x_wconf 90' lang='lat' dir='ltr'><strong>in</strong></span> <span class='ocrx_word' id='word_1_210' title='bbox 1851 3311 2419 3401; x_wconf 82' lang='lat' dir='ltr'><strong>peregrinatione</strong></span> <span class='ocrx_word' id='word_1_211' title='bbox 2461 3308 2608 3380; x_wconf 84' lang='lat' dir='ltr'><strong>Ro-</strong></span> 
     </span>
     <span class='ocr_line' id='line_1_32' title="bbox 602 3408 2609 3501; baseline -0 -22"><span class='ocrx_word' id='word_1_212' title='bbox 602 3430 801 3479; x_wconf 85' lang='lat' dir='ltr'><strong>mana</strong></span> <span class='ocrx_word' id='word_1_213' title='bbox 854 3415 1028 3491; x_wconf 83' lang='lat' dir='ltr'><strong>erat,</strong></span> <span class='ocrx_word' id='word_1_214' title='bbox 1080 3408 1360 3491; x_wconf 83' lang='lat' dir='ltr'><strong>nemini,</strong></span> <span class='ocrx_word' id='word_1_215' title='bbox 1413 3409 1528 3477; x_wconf 87' lang='lat' dir='ltr'><strong>cui</strong></span> <span class='ocrx_word' id='word_1_216' title='bbox 1559 3410 1627 3476; x_wconf 88' lang='lat' dir='ltr'><strong>in</strong></span> <span class='ocrx_word' id='word_1_217' title='bbox 1661 3410 1820 3501; x_wconf 75' lang='lat' dir='ltr'><strong>eJus</strong></span> <span class='ocrx_word' id='word_1_218' title='bbox 1856 3428 2328 3498; x_wconf 85' lang='lat' dir='ltr'><strong>congressum</strong></span> <span class='ocrx_word' id='word_1_219' title='bbox 2360 3412 2609 3480; x_wconf 84' lang='lat' dir='ltr'><strong>venire</strong></span> 
     </span>
     <span class='ocr_line' id='line_1_33' title="bbox 600 3505 2610 3601; baseline -0.001 -22"><span class='ocrx_word' id='word_1_220' title='bbox 600 3508 887 3593; x_wconf 80' lang='lat' dir='ltr'><strong>liceret,</strong></span> <span class='ocrx_word' id='word_1_221' title='bbox 938 3505 1168 3577; x_wconf 85' lang='lat' dir='ltr'><strong>eibum</strong></span> <span class='ocrx_word' id='word_1_222' title='bbox 1221 3515 1474 3600; x_wconf 89' lang='lat' dir='ltr'><strong>petere</strong></span> <span class='ocrx_word' id='word_1_223' title='bbox 1529 3528 1712 3601; x_wconf 84' lang='lat' dir='ltr'><strong>opus</strong></span> <span class='ocrx_word' id='word_1_224' title='bbox 1763 3507 1928 3594; x_wconf 87' lang='lat' dir='ltr'><strong>suit,</strong></span> <span class='ocrx_word' id='word_1_225' title='bbox 1981 3509 2165 3578; x_wconf 86' lang='lat' dir='ltr'><strong>adeo</strong></span> <span class='ocrx_word' id='word_1_226' title='bbox 2219 3508 2610 3579; x_wconf 80' lang='lat' dir='ltr'><strong>liberaliter</strong></span> 
     </span>
     <span class='ocr_line' id='line_1_34' title="bbox 599 3605 2610 3699; baseline -0 -21"><span class='ocrx_word' id='word_1_227' title='bbox 599 3606 926 3678; x_wconf 85' lang='lat' dir='ltr'><strong>omnibus</strong></span> <span class='ocrx_word' id='word_1_228' title='bbox 976 3608 1299 3678; x_wconf 85' lang='lat' dir='ltr'><strong>viaticum</strong></span> <span class='ocrx_word' id='word_1_229' title='bbox 1368 3605 1667 3699; x_wconf 84' lang='lat' dir='ltr'><strong>largitus</strong></span> <span class='ocrx_word' id='word_1_230' title='bbox 1719 3618 1851 3679; x_wconf 68' lang='lat' dir='ltr'><strong>est„</strong></span> <span class='ocrx_word' id='word_1_231' title='bbox 1962 3606 2128 3677; x_wconf 87' lang='lat' dir='ltr'><strong>Rex</strong></span> <span class='ocrx_word' id='word_1_232' title='bbox 2180 3606 2464 3679; x_wconf 85' lang='lat' dir='ltr'><strong>Knutus</strong></span> <span class='ocrx_word' id='word_1_233' title='bbox 2515 3630 2610 3677; x_wconf 86' lang='lat' dir='ltr'><strong>ex</strong></span> 
     </span>
     <span class='ocr_line' id='line_1_35' title="bbox 598 3704 2608 3799; baseline -0 -22"><span class='ocrx_word' id='word_1_234' title='bbox 598 3704 1011 3798; x_wconf 86' lang='lat' dir='ltr'><strong>Flaemingia</strong></span> <span class='ocrx_word' id='word_1_235' title='bbox 1061 3705 1356 3777; x_wconf 84' lang='lat' dir='ltr'><strong>Romam</strong></span> <span class='ocrx_word' id='word_1_236' title='bbox 1429 3706 1736 3798; x_wconf 84' lang='lat' dir='ltr'><strong>pedihus</strong></span> <span class='ocrx_word' id='word_1_237' title='bbox 1787 3711 1925 3778; x_wconf 89' lang='lat' dir='ltr'><strong>iter</strong></span> <span class='ocrx_word' id='word_1_238' title='bbox 1971 3705 2161 3776; x_wconf 86' lang='lat' dir='ltr'><strong>fecit.</strong></span> <span class='ocrx_word' id='word_1_239' title='bbox 2265 3706 2411 3779; x_wconf 51' lang='lat' dir='ltr'><strong>Sic*</strong></span> <span class='ocrx_word' id='word_1_240' title='bbox 2442 3706 2608 3799; x_wconf 80' lang='lat' dir='ltr'><strong>Sig-</strong></span> 
     </span>
     <span class='ocr_line' id='line_1_36' title="bbox 601 3815 2452 3884; baseline -0.002 -7"><span class='ocrx_word' id='word_1_241' title='bbox 601 3815 841 3878; x_wconf 85' lang='lat' dir='ltr'><strong>vatus:</strong></span> <span class='ocrx_word' id='word_1_242' title='bbox 1741 3866 1764 3884; x_wconf 43' lang='lat'><strong><em>‘</em></strong></span> <span class='ocrx_word' id='word_1_243' title='bbox 2319 3845 2322 3850; x_wconf 95' lang='lat'>-</span> <span class='ocrx_word' id='word_1_244' title='bbox 2397 3833 2404 3840; x_wconf 96' lang='lat'><strong>·</strong></span> <span class='ocrx_word' id='word_1_245' title='bbox 2447 3837 2452 3845; x_wconf 93' lang='lat'><strong>·</strong></span> 
     </span>
     <span class='ocr_line' id='line_1_37' title="bbox 935 3903 1913 4000; baseline -0.002 -25"><span class='ocrx_word' id='word_1_246' title='bbox 935 3903 1063 3975; x_wconf 84' lang='lat' dir='ltr'><strong>Sie</strong></span> <span class='ocrx_word' id='word_1_247' title='bbox 1115 3906 1355 3996; x_wconf 83' lang='lat' dir='ltr'><strong>pauci,</strong></span> <span class='ocrx_word' id='word_1_248' title='bbox 1422 3907 1706 4000; x_wconf 85' lang='lat' dir='ltr'><strong>opinor,</strong></span> <span class='ocrx_word' id='word_1_249' title='bbox 1773 3907 1913 3974; x_wconf 88' lang='lat' dir='ltr'><strong>iter</strong></span> 
     </span>
     <span class='ocr_line' id='line_1_38' title="bbox 936 4003 2021 4096; baseline -0.003 -21"><span class='ocrx_word' id='word_1_250' title='bbox 936 4003 1300 4075; x_wconf 81' lang='lat' dir='ltr'><strong>meridiem</strong></span> <span class='ocrx_word' id='word_1_251' title='bbox 1352 4025 1613 4076; x_wconf 80' lang='lat' dir='ltr'><strong>versus</strong></span> <span class='ocrx_word' id='word_1_252' title='bbox 1662 4006 2021 4096; x_wconf 82' lang='lat' dir='ltr'><strong>principes</strong></span> 
     </span>
    </p>
   </div>
   <div class='ocr_carea' id='block_1_6' title="bbox 2940 2302 2948 3631">
    <p class='ocr_par' dir='ltr' id='par_1_6' title="bbox 2940 2302 2948 3631">
     <span class='ocr_line' id='line_1_39' title="bbox 2940 2302 2948 3631; baseline 0 0"><span class='ocrx_word' id='word_1_253' title='bbox 2940 2302 2948 3631; x_wconf 95' lang='lat' dir='ltr'><strong> </strong></span> 
     </span>
    </p>
   </div>
  </div>
 </body>
</html>
