2950 4684
344 357 427 423 0.
447 353 558 419 49.
876 357 971 405 nt:
1015 355 1325 406 mnu-ts
1369 355 1848 406 somniaremus,
2191 331 2360 422 145

340 541 713 617 ambulare
775 544 849 611 in
899 537 1255 612 balineum
1300 543 1545 633 Jusso:
1599 545 1791 628 seio,
1843 541 2143 629 dixisse,
2197 559 2358 639 quae

344 657 464 717 est
516 665 559 715 e
611 639 981 734 Norvegia
1042 643 1180 712 viae
1242 641 1639 734 longitudo,
1691 652 1973 735 tempus
2026 663 2235 730 esse,
2282 655 2364 717 ut

345 754 746 839 purgentur
831 741 1209 828 vulneras
1247 764 1407 835 quae
1489 745 1562 812 in
1659 741 1911 837 praelio
1996 745 2361 838 accepisti.

343 845 757 917 Descendit
804 845 875 912 in
914 840 1271 914 balineum
1308 839 1744 936 Sigvaldins.
1844 842 2137 915 Astrida
2186 841 2363 917 nulli

340 943 469 1018 alii
519 946 801 1016 feminae
867 942 1439 1014 committendum
1502 947 1804 1037 putavit,
1857 953 1936 1016 ut
1998 947 2065 1014 ei
2117 947 2190 1015 in
2240 943 2363 1017 ba-

346 1047 543 1118 lineo
625 1046 1085 1129 ministraret3
1172 1064 1485 1137 moxque
1554 1042 1791 1115 locuta
1862 1053 2012 1116 ests
2083 1044 2365 1139 aliquos

349 1167 449 1219 ex
516 1148 763 1239 piratis
840 1139 1309 1215 Jomensibus
1375 1143 1543 1236 huie
1621 1142 1875 1238 proelio
1951 1144 2365 1218 interfuisse

348 1241 628 1342 opinor,
679 1247 799 1339 qui
852 1243 1115 1336 pellem
1169 1245 1336 1315 inde
1406 1248 1630 1337 magis
1697 1254 2094 1338 pertusam,
2160 1265 2365 1340 quam

348 1358 462 1433 tu,
513 1344 918 1433 retulerint3
972 1343 1132 1415 haee
1184 1347 1367 1414 enim
1420 1353 1540 1416 tna
1591 1344 1759 1415 mihi
1811 1349 2113 1417 maxime
2163 1343 2367 1418 vide-

348 1458 470 1519 tur
527 1447 829 1531 idonea,
902 1448 974 1514 in
1043 1468 1179 1539 qna
1246 1444 1467 1516 farina
1530 1448 1806 1516 triticea
1877 1457 2368 1519 conservetur.

305 1547 489 1618 ‘Cui
545 1545 1001 1638 Sigvaldius:
1054 1544 1266 1617 facile
1320 1548 1391 1615 in
1433 1549 1587 1617 ‘vita
1642 1567 1798 1616 mea
1852 1547 2186 1618 accidere
2238 1567 2366 1642 po-

350 1649 554 1732 terit,
615 1656 695 1717 ut
757 1645 877 1716 tali
944 1649 1243 1717 victoria
1297 1648 1630 1738 gavisura
1697 1667 1837 1717 non
1905 1649 2053 1734 sis,
2119 1647 2368 1743 inquit,

352 1747 544 1842 quod
599 1748 662 1817 si
718 1750 1067 1832 evenerit,
1119 1749 1273 1840 ipsa
1301 1747 1597 1835 videris,
1651 1767 1740 1818 an
1792 1757 1995 1819 sorte
2048 1758 2167 1820 tua
2218 1769 2366 1820 me-

352 1848 499 1920 lius
565 1848 1012 1942 adquiescas,
1149 1846 1299 1939 Qui
1370 1846 1572 1941 plura
1644 1868 1732 1918 ea
1792 1850 1956 1919 viee
2025 1849 2367 1921 collocuti

351 1967 499 2020 non
574 1957 1093 2018 memorantur.-
1205 1946 1621 2040 Sigvaldius
1689 1946 2114 2041 aliquantum
2200 1949 2367 2020 inde

352 2050 701 2142 temporis
763 2046 1125 2118 Selandiae
1177 2047 1494 2141 praefuit,
1557 2049 1665 2119 vir
1713 2068 2006 2118 summae
2058 2049 2368 2141 pruden-

350 2150 496 2236 tiae,
549 2149 681 2219 sed
739 2143 952 2219 homo
979 2148 1344 2235 occultus·3
1399 2150 1493 2218 de
1525 2169 1667 2242 quo
1716 2150 1788 2217 in
1837 2147 1999 2219 aliis
2049 2146 2370 2221 historiis

353 2249 571 2320 multa
620 2247 1100 2320 memorabilia
1139 2244 1663 2342 perhibentur&
1763 2248 2016 2322 Hakon
2070 2249 2370 2343 dynasta

354 2349 560 2421 brevi
637 2351 806 2420 inde
869 2360 1193 2442 tempore
1276 2348 1675 2442 Norvegiae
1759 2351 2167 2443 imperavit,
2248 2354 2370 2445 qui

354 2471 655 2522 unacum
688 2448 848 2521 filiis
882 2454 1038 2522 suis
1077 2469 1175 2520 ex
1224 2448 1341 2521 lais
1391 2451 1721 2521 omnibus
1755 2450 1979 2522 rebus
2030 2469 2370 2523 summam

353 2549 657 2644 gloriam
711 2560 1145 2622 consecutus
1198 2571 1373 2621 esse
1427 2554 1887 2623 existimatur.
1988 2550 2147 2624 Hoc
2200 2550 2369 2624 loeo

354 2654 720 2722 memoriae
790 2672 929 2721 non
981 2647 1330 2746 proditum
1382 2660 1534 2738 est,
1597 2651 1790 2745 quod
1844 2653 2008 2722 vitae
2061 2652 2370 2724 studium

356 2749 585 2823 Sv‘ein
612 2745 621 2756 '
652 2750 819 2822 Buii
901 2750 1091 2823 filius
1164 2760 1464 2823 secutus
1534 2751 1791 2837 fuerit,
1873 2760 2100 2822 utrum
2183 2751 2371 2844 apud

306 2849 672 2923 ›Eirikum
727 2862 1062 2924 versatus
1113 2853 1229 2938 sit,
1280 2873 1369 2922 an
1418 2871 1505 2920 se
1559 2854 1884 2944 quopiam
1936 2848 2079 2922 alio
2105 2862 2371 2924 contu-—

358 2951 542 3042 ierit.
658 2950 1017 3044 Sigurdus
1078 2951 1314 3045 Rapa,
1394 2948 1615 3022 frater
1677 2949 1874 3038 Buii,
1938 2954 2008 3021 in
2071 2952 2370 3024 Daniam

356 3072 732 3136 reversus,
799 3056 1287 3144 patrimonium
1352 3073 1393 3122 a
1457 3052 1762 3123 Vesetio
1822 3051 2148 3125 relietum
2202 3056 2373 3126 adiit

357 3155 429 3223 in
481 3150 1191 3244 Borgundarholmo,
1254 3156 1365 3224 eui
1421 3152 1640 3246 longo
1689 3162 2016 3247 tempore
2069 3155 2373 3248 praefuit,

359 3275 752 3348 magnaque
781 3257 1058 3325 virtutis
1086 3254 1268 3325 sama
1317 3253 1678 3342 inclaruit3
1734 3275 1827 3324 ex
1856 3253 1997 3325 hoc
2028 3265 2103 3325 et
2148 3252 2373 3342 'l'ova,

357 3376 663 3448 quaeum
727 3375 825 3424 ex
895 3376 987 3425 eo
1057 3364 1381 3449 tempore
1449 3356 1876 3425 amicissime
1927 3357 2122 3439 vixit,
2174 3353 2375 3425 multi

361 3464 670 3549 nepotes
705 3454 1256 3526 descenderunt.
1359 3451 1682 3526 Thorkel
1715 3452 2106 3540 Procerus,
2155 3452 2378 3525 frater

359 3552 752 3645 Sigvaldii,
822 3558 933 3627 vir
994 3556 1558 3647 sapientissimus
1628 3553 1910 3626 habitus
1980 3565 2131 3641 est,
2182 3554 2375 3649 quod

362 3662 618 3748 postea
710 3655 948 3727 multis
1044 3658 1113 3724 in
1193 3653 1414 3725 rebus
1517 3657 1954 3748 experientia
2036 3655 2374 3748 probavit.

364 3751 1119 3847 Skjaldmeyar·Einar
1149 3759 1218 3825 in
1248 3752 1621 3825 Islaudiam
1660 3756 1892 3842 rediit,
1944 3765 2017 3826 et
2069 3758 2138 3824 in
2168 3753 2375 3824 Brei-

366 3853 694 3948 datjordo
747 3860 953 3951 aquis
1002 3856 1425 3928 submersus
1478 3865 1626 3940 est,
1679 3877 1821 3949 quo
1873 3859 1942 3924 in
1996 3860 2156 3926 sinu
2206 3854 2376 3924 ideo

361 3954 711 4050 Skaleyae
763 3956 1242 4050 appellantur,
1309 3956 1498 4048 quod
1565 3953 1812 4026 lances
1864 3959 1933 4024 ei
1986 3976 2026 4025 a
2081 3954 2380 4046 dynasta

436 4084 483 4152 ¹)
520 4084 651 4153 Ejus
687 4087 825 4142 filim
863 4102 970 4142 erat
1007 4088 1239 4161 Gyrdus,
1274 4086 1495 4160 indgnio
1532 4085 1711 4158 pirata,
1748 4084 1878 4138 add.
1924 4082 1988 4136 Β.

467 4184 587 4241 Vol.
620 4186 713 4241 XI.
1891 4154 1960 4227 K
