2950 4684
291 327 367 390 Ο.
394 325 501 389 2ο.
831 329 931 376 nu
976 328 1282 377 manns
1327 326 1810 381 romaniane.
2198 300 2318 388 53

290 512 492 599 fore,
573 521 652 583 ut
711 509 847 582 hac
907 520 1159 584 aestate
1226 514 1488 604 ingens
1534 521 1780 583 contra
1848 522 1924 583 te
1975 531 2314 583 numerus

290 616 655 707 copiarum
709 614 1050 698 mittatur,
1102 632 1238 682 rex
1300 615 1483 683 enim
1552 621 1628 683 te
1689 632 1831 683 non
1857 612 2149 685 diutius
2196 631 2312 683 re·

295 734 513 807 gnum
562 732 767 784 suum
819 711 1163 784 invadere
1216 715 1555 805 patietur3
1608 733 1830 807 quare
1882 711 2009 784 tibi
2047 711 2314 784 auxilio

294 817 550 886 venire
600 816 850 902 statui3
903 822 978 884 tu
1031 833 1213 884 vero
1246 812 1633 905 diligenter
1661 832 1865 900 cave,
1918 834 2011 885 ne
2042 815 2314 884 coactis

287 914 651 987 adversus
702 922 776 984 te
842 916 1072 1005 copiis
1137 912 1506 1005 aufugias,
1582 912 1717 985 sed
1779 913 2099 1006 praelium
2152 935 2312 985 cum

296 1017 409 1085 eis
459 1033 856 1085 conserere
875 1066 897 1100 ,
963 1016 1101 1085 etsi
1151 1012 1579 1106 aliquantum
1644 1035 1941 1085 numero
1991 1014 2310 1099 inferior,

294 1123 674 1185 memento.
774 1112 960 1186 Post
1009 1112 1167 1184 haec
1201 1111 1665 1186 Paluatokius
1716 1137 1801 1187 ac
1837 1111 2038 1186 Sven
2070 1116 2310 1208 digre-

295 1213 602 1299 diuntur,
660 1235 953 1307 unoque
1004 1224 1328 1306 tempore
1380 1217 1453 1285 in
1507 1214 1796 1286 diversa
1846 1215 2306 1308 proficiscun-

295 1326 446 1386 turt
513 1313 981 1386 Paluatokius
1041 1318 1114 1384 in
1163 1313 1592 1388 Britanniam
1646 1316 2041 1405 contendit3
2112 1314 2311 1388 Sven

295 1436 500 1501 vero,
559 1418 904 1486 rationem
958 1416 1027 1487 ei
1079 1426 1500 1508 suggestam
1551 1419 1960 1509 ingressus,
2010 1437 2310 1509 regnum

297 1518 518 1610 patris
571 1516 807 1586 denuo
860 1515 1447 1609 populationibusw
1488 1517 1798 1602 infestat,
1853 1528 2137 1589 noctem
2169 1517 2311 1588 diei

295 1634 723 1701 conserenS,
764 1619 1100 1710 variaque
1128 1625 1342 1688 terrae
1373 1617 1542 1688 loca
1570 1617 2117 1713 populabundus
2145 1618 2310 1689 obit.

218 1768 239 1772 -
293 1715 563 1788 Incolae
610 1716 703 1787 ab
752 1719 1158 1812 insequenti
1207 1716 1421 1791 hoste
1497 1718 1757 1811 fugati,
1836 1739 2070 1813 seque
2134 1722 2312 1789 satis

296 1815 579 1912 suplicii
645 1816 903 1888 tulisse
970 1817 1318 1904 arbitrati,
1397 1818 1489 1890 ad
1558 1841 1804 1912 regem
1859 1829 2310 1905 concurrunt,

297 1939 539 1990 eoram
592 1938 684 1988 eo
753 1918 848 1987 de
917 1939 1152 1989 rerum
1222 1941 1510 1991 suarum
1580 1923 1943 2014 iniquitate
1996 1941 2309 2013 conque-

297 2028 587 2105 runtur,
659 2028 941 2111 petunt,
992 2029 1071 2089 ut
1120 2019 1408 2114 aliquod
1461 2019 1711 2090 celere
1763 2018 2141 2090 consilium
2194 2039 2310 2089 ca·

295 2122 445 2213 piat
570 2118 779 2203 Rex,
844 2138 997 2189 rem
1065 2140 1158 2190 eo
1210 2120 1377 2191 loeo
1449 2140 1589 2189 non
1654 2119 2022 2190 ferendam
2090 2129 2348 2215 ratus„

296 2228 721 2313 putansque,
772 2217 1087 2292 Svenem
1122 2223 1266 2312 jam
1306 2220 1430 2291 diu
1457 2222 1742 2314 impune
1787 2218 2063 2306 tulisse,
2113 2221 2307 2315 quod
2333 2214 2353 2234 ”“

292 2319 417 2391 alii
471 2319 657 2391 haud
730 2323 1015 2414 impune
1083 2320 1284 2394 laturi
1361 2321 1686 2407 fussent,
1769 2322 2303 2416 quinquaginta¹

295 2441 522 2493 naves
593 2421 968 2493 armandas
1028 2423 1621 2516 instruendasque
1690 2432 1929 2509 curat,
2005 2425 2310 2517 ipseque

295 2520 483 2594 hanc
543 2520 852 2594 classem
925 2522 1201 2611 educit,
1280 2522 1634 2596 Svenem.
1666 2543 1989 2616 suosque
2057 2545 2309 2595 omnes

291 2621 821 2695 interfecturus.
969 2622 1340 2697 Provecto
1428 2636 1762 2696 autumno
1841 2644 1977 2694 rex
2054 2623 2305 2696 Haral·

297 2723 434 2795 dns
484 2745 570 2796 ac
621 2720 821 2794 Sven
874 2744 1049 2796 sero
1098 2745 1411 2819 vespere
1475 2724 1566 2795 ad
1627 2721 1924 2793 insulam
1977 2721 2308 2814 Burgun-

298 2824 484 2896 diam
535 2844 949 2896 convenere
960 2877 985 2913 ,
1049 2829 1169 2911 ita,
1228 2833 1309 2896 ut
1358 2822 1565 2894 alteri
1617 2822 1890 2893 alteros
1943 2825 2310 2915 conspica-

296 2934 561 2996 rentur.
662 2922 820 2997 Sed
872 2926 1065 3020 quod
1118 2926 1277 2996 dies
1329 2925 1515 2995 adeo
1558 2926 1629 2993 in
1676 2941 2054 3015 vesperam
2086 2922 2308 2995 decli-

296 3034 625 3111 naverat,
701 3035 779 3097 ut
842 3029 1005 3098 iniri
1075 3026 1391 3121 praelium
1455 3024 1550 3096 ob
1615 3025 2113 3118 crepusculum
2167 3049 2310 3099 non

297 3135 585 3218 posset,
655 3125 863 3198 ambo
934 3148 1155 3199 naves
1203 3130 1274 3199 in
1341 3130 1715 3199 stationem
1769 3131 2309 3199 constituerunt.

294 3223 614 3298 Postero
670 3226 828 3313 die,
883 3249 1043 3299 cum
1092 3250 1138 3299 a
1186 3232 1410 3322 prima
1458 3227 1626 3300 luce
1679 3227 1766 3299 ad
1820 3231 2055 3301 noctis
2105 3237 2307 3299 tene-

295 3324 467 3398 bras
516 3327 1033 3414 conflixissent,
1083 3328 1338 3402 decem
1388 3331 1591 3420 regis
1644 3326 1932 3398 Haraldi
1986 3326 2310 3411 navihuS,

301 3427 681 3500 duodecim
732 3426 1116 3501 Svenianis
1165 3430 1386 3502 milite
1438 3428 1755 3513 nudatis,
1809 3430 2091 3523 utrique
2142 3427 2309 3500 loco

298 3538 748 3618 manserunt3
799 3527 1002 3602 Sven
1051 3550 1371 3623 vespere
1421 3550 1646 3601 naves
1694 3549 1866 3599 suas
1894 3529 1966 3597 in
1996 3530 2308 3602 intimum

296 3631 502 3701 sinus
552 3649 923 3702 recessum
974 3630 1293 3715 reduxit,
1354 3650 1490 3700 rex
1540 3650 1712 3701 suas
1761 3651 1804 3700 a
1857 3641 2056 3724 parte
2108 3641 2308 3701 exte-

297 3731 501 3802 riore
546 3750 682 3824 per
730 3740 1217 3804 transversum
1247 3732 1502 3815 sinum,
1552 3732 1788 3822 proris
1817 3729 2310 3824 puppibusque

296 3829 693 3924 copulatis,
741 3835 1007 3917 statuit,
1080 3851 1172 3901 eo
1225 3828 1569 3914 consilio,
1640 3839 1721 3900 ut
1768 3828 1965 3900 Sven
2029 3832 2099 3900 in
2149 3832 2311 3899 sinn

295 3930 938 4018 intercluderetur,
1014 3951 1378 4027 navesque
1439 3929 1609 4000 inde
1679 3928 1997 4000 educere
2049 3928 2311 3999 frustra

298 4040 717 4119 conaretur3
798 4035 1241 4127 insequentis
1321 4032 1467 4104 diei
1534 4048 1737 4100 mane
1822 4049 1956 4099 eos
2021 4029 2312 4113 adoriri,

379 4164 428 4231 1)
469 4166 824 4238 quadr-ginta,-
859 4165 920 4217 F.
