2950 4684
590 338 769 428 314
1139 363 1506 414 rusroma
1561 364 2076 412 nu‘rmanuu.
2127 318 2135 322 ’
2366 360 2441 425 c,
2470 359 2614 424 102,

594 568 687 620 ea
735 547 1047 621 factione
1095 550 1478 621 instaurata
1544 547 1898 620 adversus
1970 545 2156 619 tilios
2221 549 2421 640 regis
2471 547 2614 619 lla·

595 647 801 734 raldi,
852 648 1123 743 logium
1179 659 1254 722 et
1279 647 1691 741 sigurdum,
1742 669 1902 719 cum
1953 647 2067 719 his
2120 647 2392 743 aliquot
2430 671 2615 742 proe-

600 747 696 821 lia
744 748 938 837 feeit,
989 753 1061 821 in
1111 750 1369 845 quibus
1421 748 1749 820 omnibus
1802 746 1902 819 illi
1952 749 2317 847 victoriam
2363 770 2615 842 repor-

594 857 866 943 tarunt,
929 851 1246 943 Magnus
1312 853 1385 920 in
1454 850 1691 942 fugam
1757 851 2126 941 conjectus
2190 859 2322 921 est.
2423 849 2614 920 Dein

593 950 915 1043 Magnus
982 953 1053 1021 in
1115 951 1414 1023 Daniam
1481 951 1571 1022 ad
1635 949 1953 1021 Eiriknm
2006 948 2378 1021 Emunium
2449 971 2613 1043 pro·

542 1079 546 1082 ·
598 1051 869 1141 fectus,
921 1051 1132 1145 hujus
1181 1051 1519 1124 auxilium
1572 1050 2003 1144 imploravit3
2057 1050 2237 1121 dixit
2285 1050 2488 1136 fore,
2538 1059 2618 1122 ut

599 1151 876 1224 facinus
928 1154 1243 1246 principe
1293 1154 1452 1224 viro
1525 1152 1810 1243 dignum
1882 1151 2203 1223 edidisse
2256 1153 2614 1223 existima-

600 1260 826 1338 retur,
877 1254 943 1323 si
995 1256 1318 1324 exercitu
1363 1255 1432 1323 in
1461 1252 1899 1344 Norvegiam
1951 1256 2251 1345 trajecto
2304 1250 2446 1322 hoc
2500 1271 2615 1322 re·

604 1373 819 1446 gnum
870 1352 1004 1424 sub
1058 1361 1481 1446 potestatem
1535 1373 1732 1426 suam
1788 1352 2242 1444 redegisset3
2315 1351 2616 1437 addens,

601 1473 829 1546 reges
893 1457 1054 1546 ejns
1119 1463 1334 1526 terrae
1404 1454 1762 1550 praesides
1824 1462 2034 1523 aetate
2099 1473 2367 1546 pueros
2421 1472 2617 1538 esse,

598 1554 1027 1647 praefectoS,
1078 1556 1195 1648 qui
1246 1558 1318 1624 in
1369 1553 1743 1627 consilinm
1795 1551 2295 1638 adhibeantur,
2360 1557 2618 1624 mutuis

600 1654 791 1724 inter
837 1674 924 1725 se
977 1654 1356 1726 discordiis
1410 1665 1485 1727 et
1545 1655 1728 1725 odiis
1796 1665 2119 1741 certare3
2188 1673 2617 1748 quocunqne

601 1756 952 1840 venisset,
1002 1755 1433 1851 principibus
1484 1754 1928 1848 significavit,
1981 1777 2279 1848 regnum
2330 1753 2616 1826 Norve-

604 1855 781 1946 giae,
864 1857 928 1926 si
998 1859 1116 1949 qui
1184 1859 1632 1950 potentiores
1718 1856 2072 1950 principes
2139 1856 2618 1940 affectassent,

601 1954 803 2026 nullo
871 1959 1263 2029 resistente
1332 1960 1668 2053 occupari
1722 1977 1980 2050 posse,
2051 1956 2212 2050 quin
2265 1977 2357 2026 ne
2408 1967 2617 2026 unam

598 2057 887 2151 quidem
939 2057 1212 2130 hastam
1264 2060 1648 2130 adversum
1702 2079 1837 2129 eos
1865 2061 2153 2128 missum
2194 2060 2299 2129 iri.
2380 2054 2616 2147 Quum

599 2177 781 2230 vero
834 2180 966 2230 rex
996 2159 1283 2232 Eirikus
1316 2158 1615 2231 honoris
1665 2159 1918 2231 avidus
1970 2167 2193 2244 esset,
2245 2161 2618 2251 majorem-

600 2277 744 2350 que
795 2280 1000 2351 qnam
1053 2270 1262 2331 antea
1311 2260 1609 2352 gloriam
1661 2261 2009 2354 consequi
2060 2267 2398 2352 cuperet,
2478 2260 2621 2328 ista

603 2359 836 2431 animo
868 2362 1025 2451 ejus
1058 2358 1267 2430 valde
1298 2359 1743 2448 adridebant3
1788 2381 2033 2454 quare,
2058 2357 2342 2432 hortatu
2372 2359 2621 2450 Magni

606 2455 827 2547 Caeci,
879 2481 1133 2553 magno
1185 2463 1488 2554 stipatus
1540 2459 1827 2533 militum
1873 2481 2167 2531 numero
2198 2463 2441 2554 copias
2468 2459 2619 2529 Da-

601 2561 802 2632 nicas
852 2563 921 2632 in
968 2561 1402 2654 Norvegiam
1453 2564 1746 2656 trajecit.
1854 2561 2085 2654 Hujus
2140 2561 2621 2655 expeditionis

602 2664 852 2734 socius
905 2673 1059 2734 erat
1110 2663 1424 2756 Magnus
1462 2661 1747 2749 Caecus,
1801 2662 2162 2748 militibuS,
2215 2664 2334 2756 qui
2386 2663 2620 2732 secuti

602 2781 764 2834 eum
829 2765 898 2834 in
960 2764 1260 2835 Daniam
1329 2764 1647 2851 fuerant,
1734 2764 2121 2834 comitatus.
2242 2761 2484 2833 Delati
2551 2763 2620 2831 in

602 2859 877 2951 Vikam,
931 2868 1137 2958 regni
1185 2875 1454 2959 partem
1512 2863 1978 2950 orientalem,
2021 2863 2184 2935 (lum
2237 2863 2331 2934 ab
2381 2865 2620 2932 orien-

604 2962 728 3034 tali
793 2970 998 3037 sinus
1061 2976 1302 3060 parte,
1388 2965 1509 3036 ubi
1573 2964 1879 3037 clientes
1945 2967 2193 3057 Magni
2262 2966 2465 3055 regis
2533 2983 2621 3035 se

602 3063 1092 3152 continebant,
1164 3065 1667 3151 versabantur,
1743 3076 1993 3159 pacate
2056 3069 2196 3136 iter
2244 3063 2620 3135 faciebant.

602 3159 1102 3257 Tunsbergum
1160 3166 1376 3239 delati
1412 3189 1623 3261 quum
1662 3169 2200 3259 cognovissent,
2252 3161 2622 3257 Thjostol-

601 3286 763 3338 vnm
815 3265 996 3351 Alii,
1063 3269 1288 3338 virum
1341 3267 1796 3362 praefectum,
1870 3277 2300 3361 ceterasque
2372 3266 2621 3357 copias

602 3370 807 3461 regis
855 3366 1037 3460 lngii
1087 3365 1341 3439 Osloae
1396 3388 1594 3453 esse,
1645 3389 1780 3438 rex
1824 3368 2141 3453 Eirikus,
2194 3376 2269 3438 ut
2321 3367 2623 3460 primum

604 3480 868 3541 ventus
908 3469 1276 3542 secundus
1301 3469 1635 3564 spirabat,
1688 3466 1987 3541 Osloam
2018 3469 2391 3559 navigavit.
2470 3463 2623 3560 Op-

607 3569 881 3663 pidani,
960 3568 1268 3642 classem
1347 3573 1564 3662 regis
1618 3569 1868 3665 Eiriki‘
1906 3591 2039 3663 per
2107 3569 2470 3638 exteriora
2531 3564 2622 3636 ad

603 3668 1004 3743 Hofndoam
1057 3670 1300 3742 subire
1353 3673 1766 3764 conspicati,
1817 3673 2151 3742 scrinium
2199 3669 2427 3740 sancti
2454 3664 2625 3737 Hal-

605 3771 809 3846 vardi
864 3792 957 3843 ex
1008 3771 1272 3866 oppido
1327 3780 1708 3865 exportare
1759 3770 2178 3855 voluerunt,
2242 3777 2349 3841 tot
2399 3767 2623 3839 bomi-

610 3871 851 3960 nibuS,
922 3882 1094 3966 quot
1145 3872 1518 3944 commode
1570 3871 1929 3943 accedere
1982 3879 2350 3966 poterant,
2419 3869 2627 3939 oneri

608 3973 1117 4061 subeuntibns3
1170 3973 1305 4045 sed
1358 3975 1689 4045 scrinium
1721 3982 1909 4043 tanta
1953 3974 2298 4064 gravitate
2339 3970 2626 4054 restitit,

611 4083 690 4145 ut
753 4094 897 4145 non
966 4074 1206 4146 efferri
1275 4073 1563 4167 longius
1624 4093 1830 4167 quam
1897 4075 1969 4143 in
2021 4073 2327 4144 medium
2380 4067 2627 4162 templi

614 4176 998 4245 exterioris
1034 4177 1500 4266 pavimentum
1532 4183 1798 4266 posset.
1870 4171 2359 4257 chEirikuS,
2413 4191 2626 4265 quum
