<?xml version="1.0" encoding="UTF-8"?>
<!DOCTYPE html PUBLIC "-//W3C//DTD XHTML 1.0 Transitional//EN"
    "http://www.w3.org/TR/xhtml1/DTD/xhtml1-transitional.dtd">
<html xmlns="http://www.w3.org/1999/xhtml" xml:lang="en" lang="en">
 <head>
  <title>
</title>
<meta http-equiv="Content-Type" content="text/html;charset=utf-8" />
  <meta name='ocr-system' content='tesseract 3.04.00' />
  <meta name='ocr-capabilities' content='ocr_page ocr_carea ocr_par ocr_line ocrx_word'/>
</head>
<body>
  <div class='ocr_page' id='page_1' title='image "./scriptahistoric02dengoog_0319.png"; bbox 0 0 2950 4684; ppageno 0'>
   <div class='ocr_carea' id='block_1_1' title="bbox 327 294 2351 423">
    <p class='ocr_par' dir='ltr' id='par_1_1' title="bbox 327 294 2351 423">
     <span class='ocr_line' id='line_1_1' title="bbox 327 294 2351 423; baseline 0.004 -40"><span class='ocrx_word' id='word_1_1' title='bbox 327 335 534 402; x_wconf 55' lang='lat'><strong>(292,</strong></span> <span class='ocrx_word' id='word_1_2' title='bbox 662 380 667 385; x_wconf 82' lang='grc'>,</span> <span class='ocrx_word' id='word_1_3' title='bbox 798 294 1810 413; x_wconf 47' lang='lat' dir='ltr'><strong>faiswaus-normanum.</strong></span> <span class='ocrx_word' id='word_1_4' title='bbox 2170 310 2351 423; x_wconf 89' lang='grc'><strong>303</strong></span> 
     </span>
    </p>
   </div>
   <div class='ocr_carea' id='block_1_2' title="bbox 292 520 2448 4144">
    <p class='ocr_par' dir='ltr' id='par_1_2' title="bbox 292 520 2448 4144">
     <span class='ocr_line' id='line_1_2' title="bbox 325 520 2346 619; baseline 0 -24"><span class='ocrx_word' id='word_1_5' title='bbox 325 524 407 595; x_wconf 87' lang='lat' dir='ltr'><strong>in</strong></span> <span class='ocrx_word' id='word_1_6' title='bbox 451 532 523 595; x_wconf 93' lang='lat' dir='ltr'><strong>te</strong></span> <span class='ocrx_word' id='word_1_7' title='bbox 578 524 786 595; x_wconf 89' lang='lat' dir='ltr'><strong>animi</strong></span> <span class='ocrx_word' id='word_1_8' title='bbox 838 520 1400 605; x_wconf 75' lang='lat' dir='ltr'><strong>testificationem</strong></span> <span class='ocrx_word' id='word_1_9' title='bbox 1457 546 1596 596; x_wconf 89' lang='lat' dir='ltr'><strong>non</strong></span> <span class='ocrx_word' id='word_1_10' title='bbox 1653 523 2104 599; x_wconf 85' lang='lat' dir='ltr'><strong>omittendam</strong></span> <span class='ocrx_word' id='word_1_11' title='bbox 2138 525 2346 619; x_wconf 83' lang='lat' dir='ltr'><strong>duxi3</strong></span> 
     </span>
     <span class='ocr_line' id='line_1_3' title="bbox 329 612 2344 720; baseline 0.001 -23"><span class='ocrx_word' id='word_1_12' title='bbox 329 647 491 709; x_wconf 79' lang='lat' dir='ltr'><strong>nam</strong></span> <span class='ocrx_word' id='word_1_13' title='bbox 541 612 997 719; x_wconf 82' lang='lat' dir='ltr'><strong>quadraginta</strong></span> <span class='ocrx_word' id='word_1_14' title='bbox 1053 627 1331 720; x_wconf 82' lang='lat' dir='ltr'><strong>equites</strong></span> <span class='ocrx_word' id='word_1_15' title='bbox 1383 625 1599 720; x_wconf 90' lang='lat' dir='ltr'><strong>pleno</strong></span> <span class='ocrx_word' id='word_1_16' title='bbox 1654 635 1904 707; x_wconf 87' lang='lat' dir='ltr'><strong>ornatu</strong></span> <span class='ocrx_word' id='word_1_17' title='bbox 1956 629 2344 709; x_wconf 84' lang='lat' dir='ltr'><strong>instructos</strong></span> 
     </span>
     <span class='ocr_line' id='line_1_4' title="bbox 331 724 2342 801; baseline 0.001 -4"><span class='ocrx_word' id='word_1_18' title='bbox 331 726 458 799; x_wconf 82' lang='lat' dir='ltr'><strong>tibi</strong></span> <span class='ocrx_word' id='word_1_19' title='bbox 509 727 685 799; x_wconf 87' lang='lat' dir='ltr'><strong>dare</strong></span> <span class='ocrx_word' id='word_1_20' title='bbox 738 729 970 798; x_wconf 86' lang='lat' dir='ltr'><strong>statui.</strong></span> <span class='ocrx_word' id='word_1_21' title='bbox 1073 724 1283 798; x_wconf 87' lang='lat' dir='ltr'><strong>Octo</strong></span> <span class='ocrx_word' id='word_1_22' title='bbox 1330 737 1568 798; x_wconf 87' lang='lat' dir='ltr'><strong>autem</strong></span> <span class='ocrx_word' id='word_1_23' title='bbox 1637 728 1789 798; x_wconf 85' lang='lat' dir='ltr'><strong>auri</strong></span> <span class='ocrx_word' id='word_1_24' title='bbox 1856 725 2143 801; x_wconf 77' lang='lat' dir='ltr'><strong>selibris</strong></span> <span class='ocrx_word' id='word_1_25' title='bbox 2193 732 2342 801; x_wconf 81' lang='lat' dir='ltr'><strong>cui-</strong></span> 
     </span>
     <span class='ocr_line' id='line_1_5' title="bbox 333 827 2344 923; baseline 0.001 -24"><span class='ocrx_word' id='word_1_26' title='bbox 333 848 477 923; x_wconf 89' lang='lat' dir='ltr'><strong>que</strong></span> <span class='ocrx_word' id='word_1_27' title='bbox 534 829 754 922; x_wconf 87' lang='lat' dir='ltr'><strong>equiti</strong></span> <span class='ocrx_word' id='word_1_28' title='bbox 809 836 1101 899; x_wconf 84' lang='lat' dir='ltr'><strong>ornatus</strong></span> <span class='ocrx_word' id='word_1_29' title='bbox 1165 849 1340 900; x_wconf 88' lang='lat' dir='ltr'><strong>suus</strong></span> <span class='ocrx_word' id='word_1_30' title='bbox 1405 838 1739 899; x_wconf 83' lang='lat' dir='ltr'><strong>constare</strong></span> <span class='ocrx_word' id='word_1_31' title='bbox 1798 828 2069 898; x_wconf 88' lang='lat' dir='ltr'><strong>dicitur.</strong></span> <span class='ocrx_word' id='word_1_32' title='bbox 2170 827 2344 901; x_wconf 88' lang='lat' dir='ltr'><strong>Dux</strong></span> 
     </span>
     <span class='ocr_line' id='line_1_6' title="bbox 332 929 2348 1023; baseline 0.003 -25"><span class='ocrx_word' id='word_1_33' title='bbox 332 931 598 1020; x_wconf 79' lang='lat' dir='ltr'>gratias</span> <span class='ocrx_word' id='word_1_34' title='bbox 663 929 939 1019; x_wconf 85' lang='lat' dir='ltr'><strong>Magno</strong></span> <span class='ocrx_word' id='word_1_35' title='bbox 990 950 1122 1023; x_wconf 86' lang='lat' dir='ltr'><strong>pro</strong></span> <span class='ocrx_word' id='word_1_36' title='bbox 1173 949 1470 1001; x_wconf 86' lang='lat' dir='ltr'><strong>munere</strong></span> <span class='ocrx_word' id='word_1_37' title='bbox 1528 933 1715 1020; x_wconf 83' lang='lat' dir='ltr'><strong>egit,</strong></span> <span class='ocrx_word' id='word_1_38' title='bbox 1798 929 2199 1022; x_wconf 88' lang='lat' dir='ltr'><strong>donumque</strong></span> <span class='ocrx_word' id='word_1_39' title='bbox 2273 941 2348 1023; x_wconf 81' lang='lat' dir='ltr'><strong>et</strong></span> 
     </span>
     <span class='ocr_line' id='line_1_7' title="bbox 335 1029 2346 1121; baseline 0.001 -21"><span class='ocrx_word' id='word_1_40' title='bbox 335 1032 666 1101; x_wconf 88' lang='lat' dir='ltr'><strong>eximium</strong></span> <span class='ocrx_word' id='word_1_41' title='bbox 722 1038 797 1099; x_wconf 91' lang='lat' dir='ltr'><strong>et</strong></span> <span class='ocrx_word' id='word_1_42' title='bbox 846 1050 1100 1121; x_wconf 82' lang='lat' dir='ltr'><strong>magno</strong></span> <span class='ocrx_word' id='word_1_43' title='bbox 1155 1031 1314 1100; x_wconf 88' lang='lat' dir='ltr'><strong>viro</strong></span> <span class='ocrx_word' id='word_1_44' title='bbox 1368 1030 1653 1121; x_wconf 87' lang='lat' dir='ltr'><strong>dignum</strong></span> <span class='ocrx_word' id='word_1_45' title='bbox 1712 1050 1881 1103; x_wconf 86' lang='lat' dir='ltr'><strong>esse</strong></span> <span class='ocrx_word' id='word_1_46' title='bbox 1938 1029 2346 1103; x_wconf 84' lang='lat' dir='ltr'><strong>declaravit.</strong></span> 
     </span>
     <span class='ocr_line' id='line_1_8' title="bbox 331 1128 2344 1225; baseline 0.001 -24"><span class='ocrx_word' id='word_1_47' title='bbox 331 1128 616 1202; x_wconf 73' lang='lat' dir='ltr'><strong>[nterea</strong></span> <span class='ocrx_word' id='word_1_48' title='bbox 667 1131 1109 1223; x_wconf 79' lang='lat' dir='ltr'><strong>procedente</strong></span> <span class='ocrx_word' id='word_1_49' title='bbox 1165 1131 1318 1222; x_wconf 88' lang='lat' dir='ltr'><strong>die,</strong></span> <span class='ocrx_word' id='word_1_50' title='bbox 1360 1153 1570 1225; x_wconf 89' lang='lat' dir='ltr'><strong>quum</strong></span> <span class='ocrx_word' id='word_1_51' title='bbox 1610 1134 1912 1225; x_wconf 82' lang='lat' dir='ltr'><strong>equites,</strong></span> <span class='ocrx_word' id='word_1_52' title='bbox 1965 1152 2149 1225; x_wconf 91' lang='lat' dir='ltr'><strong>quos</strong></span> <span class='ocrx_word' id='word_1_53' title='bbox 2182 1132 2344 1205; x_wconf 89' lang='lat' dir='ltr'><strong>duci</strong></span> 
     </span>
     <span class='ocr_line' id='line_1_9' title="bbox 292 1231 2346 1329; baseline 0.001 -26"><span class='ocrx_word' id='word_1_54' title='bbox 292 1232 628 1329; x_wconf 21' lang='lat' dir='ltr'><strong>‘daturus</strong></span> <span class='ocrx_word' id='word_1_55' title='bbox 680 1239 835 1301; x_wconf 86' lang='lat' dir='ltr'><strong>erat</strong></span> <span class='ocrx_word' id='word_1_56' title='bbox 883 1231 1235 1323; x_wconf 74' lang='lat' dir='ltr'><strong>Magnus,</strong></span> <span class='ocrx_word' id='word_1_57' title='bbox 1319 1231 1625 1302; x_wconf 83' lang='lat' dir='ltr'><strong>nondum</strong></span> <span class='ocrx_word' id='word_1_58' title='bbox 1689 1232 2075 1316; x_wconf 78' lang='lat' dir='ltr'><strong>adessent,</strong></span> <span class='ocrx_word' id='word_1_59' title='bbox 2152 1236 2346 1329; x_wconf 89' lang='lat' dir='ltr'><strong>quod</strong></span> 
     </span>
     <span class='ocr_line' id='line_1_10' title="bbox 334 1330 2432 1423; baseline 0.001 -18"><span class='ocrx_word' id='word_1_60' title='bbox 334 1354 476 1405; x_wconf 89' lang='lat' dir='ltr'><strong>non</strong></span> <span class='ocrx_word' id='word_1_61' title='bbox 530 1352 809 1405; x_wconf 89' lang='lat' dir='ltr'><strong>omnes</strong></span> <span class='ocrx_word' id='word_1_62' title='bbox 832 1352 929 1403; x_wconf 90' lang='lat' dir='ltr'><strong>ex</strong></span> <span class='ocrx_word' id='word_1_63' title='bbox 982 1353 1131 1403; x_wconf 91' lang='lat' dir='ltr'><strong>uno</strong></span> <span class='ocrx_word' id='word_1_64' title='bbox 1178 1330 1345 1403; x_wconf 89' lang='lat' dir='ltr'><strong>loco</strong></span> <span class='ocrx_word' id='word_1_65' title='bbox 1388 1333 1813 1423; x_wconf 78' lang='lat' dir='ltr'><strong>arcessendi</strong></span> <span class='ocrx_word' id='word_1_66' title='bbox 1881 1342 2116 1418; x_wconf 89' lang='lat' dir='ltr'><strong>erant,</strong></span> <span class='ocrx_word' id='word_1_67' title='bbox 2198 1334 2345 1407; x_wconf 80' lang='lat' dir='ltr'><strong>dux</strong></span> <span class='ocrx_word' id='word_1_68' title='bbox 2424 1340 2432 1349; x_wconf 79' lang='grc'><strong>“</strong></span> 
     </span>
     <span class='ocr_line' id='line_1_11' title="bbox 333 1385 2345 1527; baseline 0 -23"><span class='ocrx_word' id='word_1_69' title='bbox 333 1433 518 1504; x_wconf 89' lang='lat' dir='ltr'><strong>infit:</strong></span> <span class='ocrx_word' id='word_1_70' title='bbox 563 1435 727 1525; x_wconf 91' lang='lat' dir='ltr'><strong>jam</strong></span> <span class='ocrx_word' id='word_1_71' title='bbox 759 1436 1149 1526; x_wconf 86' lang='lat' dir='ltr'><strong>praevecti,·</strong></span> <span class='ocrx_word' id='word_1_72' title='bbox 1171 1434 1444 1525; x_wconf 81' lang='lat' dir='ltr'><strong>Magne</strong></span> <span class='ocrx_word' id='word_1_73' title='bbox 1488 1442 1820 1525; x_wconf 79' lang='lat' dir='ltr'><strong>cognate,</strong></span> <span class='ocrx_word' id='word_1_74' title='bbox 1868 1454 2010 1527; x_wconf 90' lang='lat' dir='ltr'><strong>quo</strong></span> <span class='ocrx_word' id='word_1_75' title='bbox 2040 1385 2165 1504; x_wconf 82' lang='lat' dir='ltr'><strong>tibi</strong></span> <span class='ocrx_word' id='word_1_76' title='bbox 2193 1433 2345 1527; x_wconf 79' lang='lat' dir='ltr'><strong>pla-</strong></span> 
     </span>
     <span class='ocr_line' id='line_1_12' title="bbox 334 1532 2344 1627; baseline -0.001 -20"><span class='ocrx_word' id='word_1_77' title='bbox 334 1533 530 1607; x_wconf 84' lang='lat' dir='ltr'><strong>cebit</strong></span> <span class='ocrx_word' id='word_1_78' title='bbox 580 1532 743 1603; x_wconf 89' lang='lat' dir='ltr'><strong>loco</strong></span> <span class='ocrx_word' id='word_1_79' title='bbox 770 1532 1100 1607; x_wconf 78' lang='lat' dir='ltr'><strong>turmaml</strong></span> <span class='ocrx_word' id='word_1_80' title='bbox 1135 1533 1733 1627; x_wconf 83' lang='lat' dir='ltr'><strong>exspectabimus.</strong></span> <span class='ocrx_word' id='word_1_81' title='bbox 1840 1533 1972 1605; x_wconf 86' lang='lat' dir='ltr'><strong>Cu1</strong></span> <span class='ocrx_word' id='word_1_82' title='bbox 1996 1534 2344 1626; x_wconf 70' lang='lat' dir='ltr'><strong>Maonus</strong></span> 
     </span>
     <span class='ocr_line' id='line_1_13' title="bbox 334 1634 2345 1729; baseline -0.003 -18"><span class='ocrx_word' id='word_1_83' title='bbox 334 1639 446 1711; x_wconf 83' lang='lat' dir='ltr'><strong>sic</strong></span> <span class='ocrx_word' id='word_1_84' title='bbox 496 1634 874 1719; x_wconf 78' lang='lat' dir='ltr'><strong>saciamuS,</strong></span> <span class='ocrx_word' id='word_1_85' title='bbox 942 1637 1198 1729; x_wconf 91' lang='lat' dir='ltr'><strong>inquit,</strong></span> <span class='ocrx_word' id='word_1_86' title='bbox 1270 1657 1410 1727; x_wconf 86' lang='lat' dir='ltr'><strong>ego</strong></span> <span class='ocrx_word' id='word_1_87' title='bbox 1479 1655 1660 1706; x_wconf 82' lang='lat' dir='ltr'><strong>vero</strong></span> <span class='ocrx_word' id='word_1_88' title='bbox 1715 1645 1827 1720; x_wconf 87' lang='lat' dir='ltr'><strong>te,</strong></span> <span class='ocrx_word' id='word_1_89' title='bbox 1881 1645 2222 1727; x_wconf 82' lang='lat' dir='ltr'><strong>cognate,</strong></span> <span class='ocrx_word' id='word_1_90' title='bbox 2275 1640 2345 1706; x_wconf 91' lang='lat' dir='ltr'><strong>in</strong></span> 
     </span>
     <span class='ocr_line' id='line_1_14' title="bbox 337 1735 2344 1830; baseline 0 -23"><span class='ocrx_word' id='word_1_91' title='bbox 337 1739 520 1808; x_wconf 85' lang='lat' dir='ltr'><strong>viam</strong></span> <span class='ocrx_word' id='word_1_92' title='bbox 576 1756 804 1830; x_wconf 85' lang='lat' dir='ltr'><strong>eques</strong></span> <span class='ocrx_word' id='word_1_93' title='bbox 857 1735 1242 1823; x_wconf 78' lang='lat' dir='ltr'><strong>deducam,</strong></span> <span class='ocrx_word' id='word_1_94' title='bbox 1322 1757 1560 1830; x_wconf 87' lang='lat' dir='ltr'><strong>neque</strong></span> <span class='ocrx_word' id='word_1_95' title='bbox 1599 1739 1826 1829; x_wconf 82' lang='lat' dir='ltr'><strong>prius</strong></span> <span class='ocrx_word' id='word_1_96' title='bbox 1891 1758 1932 1805; x_wconf 92' lang='lat' dir='ltr'><strong>a</strong></span> <span class='ocrx_word' id='word_1_97' title='bbox 1984 1747 2055 1807; x_wconf 92' lang='lat' dir='ltr'><strong>te</strong></span> <span class='ocrx_word' id='word_1_98' title='bbox 2112 1737 2344 1810; x_wconf 79' lang='lat' dir='ltr'><strong>disce-</strong></span> 
     </span>
     <span class='ocr_line' id='line_1_15' title="bbox 338 1835 2346 1931; baseline 0 -22"><span class='ocrx_word' id='word_1_99' title='bbox 338 1837 531 1924; x_wconf 80' lang='lat' dir='ltr'><strong>dam,</strong></span> <span class='ocrx_word' id='word_1_100' title='bbox 613 1857 821 1931; x_wconf 83' lang='lat' dir='ltr'><strong>quam</strong></span> <span class='ocrx_word' id='word_1_101' title='bbox 873 1858 1028 1930; x_wconf 81' lang='lat' dir='ltr'><strong>quae</strong></span> <span class='ocrx_word' id='word_1_102' title='bbox 1078 1841 1526 1930; x_wconf 87' lang='lat' dir='ltr'><strong>promiserim</strong></span> <span class='ocrx_word' id='word_1_103' title='bbox 1593 1841 2018 1931; x_wconf 80' lang='lat' dir='ltr'><strong>praestitero.</strong></span> <span class='ocrx_word' id='word_1_104' title='bbox 2150 1835 2346 1910; x_wconf 86' lang='lat' dir='ltr'><strong>Sane</strong></span> 
     </span>
     <span class='ocr_line' id='line_1_16' title="bbox 336 1936 2346 2031; baseline 0.001 -23"><span class='ocrx_word' id='word_1_105' title='bbox 336 1959 541 2024; x_wconf 84' lang='lat' dir='ltr'><strong>vero,</strong></span> <span class='ocrx_word' id='word_1_106' title='bbox 592 1940 816 2030; x_wconf 91' lang='lat' dir='ltr'><strong>inquit</strong></span> <span class='ocrx_word' id='word_1_107' title='bbox 867 1938 1035 2022; x_wconf 75' lang='lat' dir='ltr'><strong>duX,</strong></span> <span class='ocrx_word' id='word_1_108' title='bbox 1088 1942 1319 2009; x_wconf 88' lang='lat' dir='ltr'><strong>omnia</strong></span> <span class='ocrx_word' id='word_1_109' title='bbox 1371 1940 1483 2007; x_wconf 91' lang='lat' dir='ltr'><strong>sic</strong></span> <span class='ocrx_word' id='word_1_110' title='bbox 1533 1936 2079 2031; x_wconf 84' lang='lat' dir='ltr'><strong>praestabuntur,</strong></span> <span class='ocrx_word' id='word_1_111' title='bbox 2130 1941 2228 2008; x_wconf 91' lang='lat' dir='ltr'><strong>uti</strong></span> <span class='ocrx_word' id='word_1_112' title='bbox 2259 1948 2346 2010; x_wconf 88' lang='lat' dir='ltr'><strong>-tu</strong></span> 
     </span>
     <span class='ocr_line' id='line_1_17' title="bbox 336 2037 2351 2132; baseline 0 -24"><span class='ocrx_word' id='word_1_113' title='bbox 336 2038 801 2123; x_wconf 81' lang='lat' dir='ltr'><strong>constituisti3</strong></span> <span class='ocrx_word' id='word_1_114' title='bbox 880 2059 921 2106; x_wconf 90' lang='lat' dir='ltr'><strong>a</strong></span> <span class='ocrx_word' id='word_1_115' title='bbox 973 2045 1046 2107; x_wconf 87' lang='lat' dir='ltr'><strong>te</strong></span> <span class='ocrx_word' id='word_1_116' title='bbox 1109 2059 1287 2107; x_wconf 86' lang='lat' dir='ltr'><strong>vero</strong></span> <span class='ocrx_word' id='word_1_117' title='bbox 1359 2037 1659 2121; x_wconf 85' lang='lat' dir='ltr'><strong>deduci,</strong></span> <span class='ocrx_word' id='word_1_118' title='bbox 1733 2059 1988 2128; x_wconf 82' lang='lat' dir='ltr'><strong>magno</strong></span> <span class='ocrx_word' id='word_1_119' title='bbox 2058 2058 2351 2132; x_wconf 84' lang='lat' dir='ltr'><strong>semper</strong></span> 
     </span>
     <span class='ocr_line' id='line_1_18' title="bbox 336 2132 2348 2234; baseline 0 -25"><span class='ocrx_word' id='word_1_120' title='bbox 336 2137 593 2209; x_wconf 87' lang='lat' dir='ltr'><strong>honori</strong></span> <span class='ocrx_word' id='word_1_121' title='bbox 646 2136 813 2206; x_wconf 92' lang='lat' dir='ltr'><strong>mibi</strong></span> <span class='ocrx_word' id='word_1_122' title='bbox 868 2138 1073 2208; x_wconf 90' lang='lat' dir='ltr'><strong>duco.</strong></span> <span class='ocrx_word' id='word_1_123' title='bbox 1177 2136 1351 2227; x_wconf 78' lang='lat' dir='ltr'><strong>Quo</strong></span> <span class='ocrx_word' id='word_1_124' title='bbox 1399 2138 1589 2208; x_wconf 88' lang='lat' dir='ltr'><strong>dieto</strong></span> <span class='ocrx_word' id='word_1_125' title='bbox 1640 2135 1925 2231; x_wconf 84' lang='lat' dir='ltr'><strong>Knutus</strong></span> <span class='ocrx_word' id='word_1_126' title='bbox 1977 2132 2348 2234; x_wconf 83' lang='lat' dir='ltr'><strong>Lavardus</strong></span> 
     </span>
     <span class='ocr_line' id='line_1_19' title="bbox 332 2235 2350 2334; baseline 0 -24"><span class='ocrx_word' id='word_1_127' title='bbox 332 2259 587 2331; x_wconf 84' lang='lat' dir='ltr'><strong>regem</strong></span> <span class='ocrx_word' id='word_1_128' title='bbox 638 2235 1012 2309; x_wconf 86' lang='lat' dir='ltr'><strong>Nicolaum</strong></span> <span class='ocrx_word' id='word_1_129' title='bbox 1068 2247 1440 2329; x_wconf 85' lang='lat' dir='ltr'><strong>cognatum</strong></span> <span class='ocrx_word' id='word_1_130' title='bbox 1496 2260 1695 2309; x_wconf 91' lang='lat' dir='ltr'><strong>suum</strong></span> <span class='ocrx_word' id='word_1_131' title='bbox 1749 2237 2112 2334; x_wconf 83' lang='lat' dir='ltr'><strong>aliosque,</strong></span> <span class='ocrx_word' id='word_1_132' title='bbox 2164 2261 2350 2333; x_wconf 83' lang='lat' dir='ltr'><strong>quos</strong></span> 
     </span>
     <span class='ocr_line' id='line_1_20' title="bbox 340 2337 2347 2434; baseline 0 -22"><span class='ocrx_word' id='word_1_133' title='bbox 340 2342 593 2412; x_wconf 82' lang='lat' dir='ltr'><strong>visum</strong></span> <span class='ocrx_word' id='word_1_134' title='bbox 625 2347 849 2424; x_wconf 86' lang='lat' dir='ltr'><strong>esset,</strong></span> <span class='ocrx_word' id='word_1_135' title='bbox 903 2337 1269 2423; x_wconf 89' lang='lat' dir='ltr'><strong>osculatus</strong></span> <span class='ocrx_word' id='word_1_136' title='bbox 1304 2348 1435 2410; x_wconf 91' lang='lat' dir='ltr'><strong>est.</strong></span> <span class='ocrx_word' id='word_1_137' title='bbox 1495 2390 1502 2395; x_wconf 80' lang='lat'><em>-</em></span> <span class='ocrx_word' id='word_1_138' title='bbox 1536 2337 1724 2410; x_wconf 91' lang='lat' dir='ltr'><strong>Post</strong></span> <span class='ocrx_word' id='word_1_139' title='bbox 1750 2338 1909 2431; x_wconf 81' lang='lat' dir='ltr'><strong>baec</strong></span> <span class='ocrx_word' id='word_1_140' title='bbox 1942 2342 2147 2434; x_wconf 90' lang='lat' dir='ltr'><strong>equis</strong></span> <span class='ocrx_word' id='word_1_141' title='bbox 2178 2361 2347 2412; x_wconf 83' lang='lat' dir='ltr'><strong>con-</strong></span> 
     </span>
     <span class='ocr_line' id='line_1_21' title="bbox 340 2437 2349 2535; baseline -0.001 -23"><span class='ocrx_word' id='word_1_142' title='bbox 340 2443 624 2513; x_wconf 80' lang='lat' dir='ltr'><strong>scensis</strong></span> <span class='ocrx_word' id='word_1_143' title='bbox 675 2437 1093 2511; x_wconf 88' lang='lat' dir='ltr'><strong>avebuntur.</strong></span> <span class='ocrx_word' id='word_1_144' title='bbox 1195 2437 1467 2511; x_wconf 84' lang='lat' dir='ltr'><strong>Silvam</strong></span> <span class='ocrx_word' id='word_1_145' title='bbox 1523 2438 1825 2535; x_wconf 82' lang='lat' dir='ltr'><strong>aliquam</strong></span> <span class='ocrx_word' id='word_1_146' title='bbox 1874 2443 2223 2534; x_wconf 86' lang='lat' dir='ltr'><strong>pervecti,</strong></span> <span class='ocrx_word' id='word_1_147' title='bbox 2274 2444 2349 2517; x_wconf 83' lang='lat' dir='ltr'><strong>in</strong></span> 
     </span>
     <span class='ocr_line' id='line_1_22' title="bbox 338 2539 2349 2627; baseline 0 -15"><span class='ocrx_word' id='word_1_148' title='bbox 338 2541 573 2614; x_wconf 87' lang='lat' dir='ltr'><strong>locum</strong></span> <span class='ocrx_word' id='word_1_149' title='bbox 620 2539 996 2627; x_wconf 83' lang='lat' dir='ltr'><strong>arboribus</strong></span> <span class='ocrx_word' id='word_1_150' title='bbox 1059 2562 1353 2612; x_wconf 86' lang='lat' dir='ltr'><strong>vacuum</strong></span> <span class='ocrx_word' id='word_1_151' title='bbox 1424 2542 1858 2612; x_wconf 76' lang='lat' dir='ltr'><strong>deveniunt..</strong></span> <span class='ocrx_word' id='word_1_152' title='bbox 1956 2539 2136 2613; x_wconf 89' lang='lat' dir='ltr'><strong>Tum</strong></span> <span class='ocrx_word' id='word_1_153' title='bbox 2189 2542 2349 2613; x_wconf 91' lang='lat' dir='ltr'><strong>Ma-</strong></span> 
     </span>
     <span class='ocr_line' id='line_1_23' title="bbox 334 2640 2350 2737; baseline 0.001 -26"><span class='ocrx_word' id='word_1_154' title='bbox 334 2663 525 2735; x_wconf 85' lang='lat' dir='ltr'><strong>gnus</strong></span> <span class='ocrx_word' id='word_1_155' title='bbox 548 2640 871 2714; x_wconf 86' lang='lat' dir='ltr'><strong>hortatus</strong></span> <span class='ocrx_word' id='word_1_156' title='bbox 905 2651 1038 2728; x_wconf 90' lang='lat' dir='ltr'><strong>est,</strong></span> <span class='ocrx_word' id='word_1_157' title='bbox 1089 2650 1168 2710; x_wconf 90' lang='lat' dir='ltr'><strong>ut</strong></span> <span class='ocrx_word' id='word_1_158' title='bbox 1221 2644 1424 2735; x_wconf 84' lang='lat' dir='ltr'><strong>equis</strong></span> <span class='ocrx_word' id='word_1_159' title='bbox 1478 2643 2009 2733; x_wconf 81' lang='lat' dir='ltr'><strong>descenderent</strong></span> <span class='ocrx_word' id='word_1_160' title='bbox 2039 2645 2350 2737; x_wconf 87' lang='lat' dir='ltr'><strong>equites-</strong></span> 
     </span>
     <span class='ocr_line' id='line_1_24' title="bbox 334 2740 2348 2836; baseline 0 -23"><span class='ocrx_word' id='word_1_161' title='bbox 334 2763 485 2836; x_wconf 70' lang='lat' dir='ltr'><strong>=que</strong></span> <span class='ocrx_word' id='word_1_162' title='bbox 556 2743 1090 2836; x_wconf 84' lang='lat' dir='ltr'><strong>opperirentur,</strong></span> <span class='ocrx_word' id='word_1_163' title='bbox 1169 2740 1351 2812; x_wconf 86' lang='lat' dir='ltr'><strong>baud</strong></span> <span class='ocrx_word' id='word_1_164' title='bbox 1421 2743 1633 2834; x_wconf 83' lang='lat' dir='ltr'><strong>longa</strong></span> <span class='ocrx_word' id='word_1_165' title='bbox 1689 2764 1886 2812; x_wconf 84' lang='lat' dir='ltr'><strong>mora</strong></span> <span class='ocrx_word' id='word_1_166' title='bbox 1956 2764 2137 2835; x_wconf 80' lang='lat' dir='ltr'><strong>opus</strong></span> <span class='ocrx_word' id='word_1_167' title='bbox 2187 2742 2348 2815; x_wconf 85' lang='lat' dir='ltr'><strong>fore</strong></span> 
     </span>
     <span class='ocr_line' id='line_1_25' title="bbox 341 2841 2348 2938; baseline 0 -24"><span class='ocrx_word' id='word_1_168' title='bbox 341 2851 694 2914; x_wconf 81' lang='lat' dir='ltr'><strong>causatus.</strong></span> <span class='ocrx_word' id='word_1_169' title='bbox 798 2841 922 2913; x_wconf 91' lang='lat' dir='ltr'><strong>Sic</strong></span> <span class='ocrx_word' id='word_1_170' title='bbox 976 2842 1265 2930; x_wconf 84' lang='lat' dir='ltr'><strong>faciunt3</strong></span> <span class='ocrx_word' id='word_1_171' title='bbox 1321 2843 1774 2915; x_wconf 87' lang='lat' dir='ltr'><strong>descendunt</strong></span> <span class='ocrx_word' id='word_1_172' title='bbox 1806 2845 2034 2938; x_wconf 88' lang='lat' dir='ltr'><strong>equis,</strong></span> <span class='ocrx_word' id='word_1_173' title='bbox 2085 2845 2153 2911; x_wconf 90' lang='lat' dir='ltr'><strong>in</strong></span> <span class='ocrx_word' id='word_1_174' title='bbox 2180 2842 2348 2933; x_wconf 74' lang='lat' dir='ltr'><strong>loco</strong></span> 
     </span>
     <span class='ocr_line' id='line_1_26' title="bbox 338 2922 2349 3064; baseline 0.001 -50"><span class='ocrx_word' id='word_1_175' title='bbox 338 2964 521 3036; x_wconf 86' lang='lat' dir='ltr'><strong>puro</strong></span> <span class='ocrx_word' id='word_1_176' title='bbox 576 2942 973 3031; x_wconf 87' lang='lat' dir='ltr'><strong>consident,</strong></span> <span class='ocrx_word' id='word_1_177' title='bbox 1010 2943 1287 3032; x_wconf 78' lang='lat' dir='ltr'><strong>multiS,</strong></span> <span class='ocrx_word' id='word_1_178' title='bbox 1337 2955 1415 3015; x_wconf 88' lang='lat' dir='ltr'><strong>ut</strong></span> <span class='ocrx_word' id='word_1_179' title='bbox 1464 2946 1758 3064; x_wconf 82' lang='lat' dir='ltr'><strong>primum</strong></span> <span class='ocrx_word' id='word_1_180' title='bbox 1806 2946 2012 3038; x_wconf 87' lang='lat' dir='ltr'><strong>equis</strong></span> <span class='ocrx_word' id='word_1_181' title='bbox 2044 2922 2349 3016; x_wconf 80' lang='lat' dir='ltr'><strong>descen·</strong></span> 
     </span>
     <span class='ocr_line' id='line_1_27' title="bbox 345 3044 2349 3141; baseline 0.001 -27"><span class='ocrx_word' id='word_1_182' title='bbox 345 3044 634 3126; x_wconf 84' lang='lat' dir='ltr'><strong>derant,</strong></span> <span class='ocrx_word' id='word_1_183' title='bbox 713 3063 966 3114; x_wconf 85' lang='lat' dir='ltr'><strong>somno</strong></span> <span class='ocrx_word' id='word_1_184' title='bbox 1021 3048 1433 3138; x_wconf 84' lang='lat' dir='ltr'><strong>oppressiS,</strong></span> <span class='ocrx_word' id='word_1_185' title='bbox 1516 3049 1777 3139; x_wconf 84' lang='lat' dir='ltr'><strong>quippe</strong></span> <span class='ocrx_word' id='word_1_186' title='bbox 1815 3045 2020 3141; x_wconf 87' lang='lat' dir='ltr'><strong>quod</strong></span> <span class='ocrx_word' id='word_1_187' title='bbox 2079 3065 2349 3140; x_wconf 82' lang='lat' dir='ltr'><strong>praece-</strong></span> 
     </span>
     <span class='ocr_line' id='line_1_28' title="bbox 344 3144 2350 3240; baseline 0.002 -25"><span class='ocrx_word' id='word_1_188' title='bbox 344 3144 539 3215; x_wconf 86' lang='lat' dir='ltr'><strong>denti</strong></span> <span class='ocrx_word' id='word_1_189' title='bbox 591 3144 707 3215; x_wconf 87' lang='lat' dir='ltr'><strong>die</strong></span> <span class='ocrx_word' id='word_1_190' title='bbox 760 3146 1291 3232; x_wconf 88' lang='lat' dir='ltr'><strong>immoderatius</strong></span> <span class='ocrx_word' id='word_1_191' title='bbox 1346 3156 1780 3240; x_wconf 84' lang='lat' dir='ltr'><strong>potaverant.</strong></span> <span class='ocrx_word' id='word_1_192' title='bbox 1883 3145 2167 3226; x_wconf 88' lang='lat' dir='ltr'><strong>Knutus</strong></span> <span class='ocrx_word' id='word_1_193' title='bbox 2212 3144 2350 3218; x_wconf 86' lang='lat' dir='ltr'><strong>La-</strong></span> 
     </span>
     <span class='ocr_line' id='line_1_29' title="bbox 339 3236 2439 3340; baseline 0.002 -24"><span class='ocrx_word' id='word_1_194' title='bbox 339 3243 607 3321; x_wconf 86' lang='lat' dir='ltr'><strong>vardus</strong></span> <span class='ocrx_word' id='word_1_195' title='bbox 657 3252 907 3315; x_wconf 87' lang='lat' dir='ltr'><strong>trunco</strong></span> <span class='ocrx_word' id='word_1_196' title='bbox 962 3247 1253 3318; x_wconf 83' lang='lat' dir='ltr'><strong>caducae</strong></span> <span class='ocrx_word' id='word_1_197' title='bbox 1305 3247 1586 3319; x_wconf 76' lang='lat' dir='ltr'><strong>arboris</strong></span> <span class='ocrx_word' id='word_1_198' title='bbox 1613 3248 1987 3334; x_wconf 74' lang='lat' dir='ltr'><strong>insidebat</strong></span> <span class='ocrx_word' id='word_1_199' title='bbox 2007 3236 2352 3340; x_wconf 78' lang='lat' dir='ltr'><strong>juxtaque</strong></span> <span class='ocrx_word' id='word_1_200' title='bbox 2434 3272 2439 3277; x_wconf 91' lang='lat'>·</span> 
     </span>
     <span class='ocr_line' id='line_1_30' title="bbox 336 3345 2353 3439; baseline -0.002 -20"><span class='ocrx_word' id='word_1_201' title='bbox 336 3345 655 3436; x_wconf 83' lang='lat' dir='ltr'><strong>Magnus</strong></span> <span class='ocrx_word' id='word_1_202' title='bbox 709 3355 1056 3438; x_wconf 82' lang='lat' dir='ltr'><strong>cognatus</strong></span> <span class='ocrx_word' id='word_1_203' title='bbox 1113 3350 1294 3439; x_wconf 84' lang='lat' dir='ltr'><strong>ejuS,</strong></span> <span class='ocrx_word' id='word_1_204' title='bbox 1348 3349 1665 3423; x_wconf 87' lang='lat' dir='ltr'><strong>caeruleo</strong></span> <span class='ocrx_word' id='word_1_205' title='bbox 1713 3350 2002 3435; x_wconf 85' lang='lat' dir='ltr'><strong>indutus</strong></span> <span class='ocrx_word' id='word_1_206' title='bbox 2031 3345 2353 3417; x_wconf 86' lang='lat' dir='ltr'><strong>amiculo.</strong></span> 
     </span>
     <span class='ocr_line' id='line_1_31' title="bbox 336 3445 2352 3540; baseline -0.001 -22"><span class='ocrx_word' id='word_1_207' title='bbox 336 3447 520 3522; x_wconf 82' lang='lat' dir='ltr'><strong>Mox</strong></span> <span class='ocrx_word' id='word_1_208' title='bbox 576 3449 1019 3539; x_wconf 81' lang='lat' dir='ltr'><strong>conspiciunt</strong></span> <span class='ocrx_word' id='word_1_209' title='bbox 1068 3446 1423 3519; x_wconf 86' lang='lat' dir='ltr'><strong>hominem</strong></span> <span class='ocrx_word' id='word_1_210' title='bbox 1470 3470 1594 3529; x_wconf 88' lang='lat' dir='ltr'><strong>ex</strong></span> <span class='ocrx_word' id='word_1_211' title='bbox 1642 3451 1904 3531; x_wconf 86' lang='lat' dir='ltr'><strong>vicina.</strong></span> <span class='ocrx_word' id='word_1_212' title='bbox 1937 3445 2124 3518; x_wconf 82' lang='lat' dir='ltr'><strong>silva</strong></span> <span class='ocrx_word' id='word_1_213' title='bbox 2187 3468 2352 3540; x_wconf 90' lang='lat' dir='ltr'><strong>pro-</strong></span> 
     </span>
     <span class='ocr_line' id='line_1_32' title="bbox 341 3547 2352 3645; baseline 0.004 -30"><span class='ocrx_word' id='word_1_214' title='bbox 341 3554 776 3634; x_wconf 68' lang='lat' dir='ltr'><strong>currentem</strong></span> <span class='ocrx_word' id='word_1_215' title='bbox 831 3549 953 3639; x_wconf 90' lang='lat' dir='ltr'><strong>qui</strong></span> <span class='ocrx_word' id='word_1_216' title='bbox 1002 3569 1233 3639; x_wconf 85' lang='lat' dir='ltr'><strong>quum</strong></span> <span class='ocrx_word' id='word_1_217' title='bbox 1255 3547 1591 3633; x_wconf 83' lang='lat' dir='ltr'><strong>inlocum</strong></span> <span class='ocrx_word' id='word_1_218' title='bbox 1624 3548 2000 3633; x_wconf 79' lang='lat' dir='ltr'><strong>arboribus</strong></span> <span class='ocrx_word' id='word_1_219' title='bbox 2031 3568 2352 3645; x_wconf 74' lang='lat' dir='ltr'><strong>vacuum,</strong></span> 
     </span>
     <span class='ocr_line' id='line_1_33' title="bbox 337 3634 2350 3743; baseline -0.001 -22"><span class='ocrx_word' id='word_1_220' title='bbox 337 3645 462 3721; x_wconf 82' lang='lat' dir='ltr'><strong>ubi</strong></span> <span class='ocrx_word' id='word_1_221' title='bbox 514 3646 1002 3733; x_wconf 85' lang='lat' dir='ltr'><strong>considebant,</strong></span> <span class='ocrx_word' id='word_1_222' title='bbox 1056 3658 1521 3739; x_wconf 81' lang='lat' dir='ltr'><strong>pervenerat,</strong></span> <span class='ocrx_word' id='word_1_223' title='bbox 1603 3650 1899 3720; x_wconf 88' lang='lat' dir='ltr'><strong>detracti</strong></span> <span class='ocrx_word' id='word_1_224' title='bbox 1947 3671 2094 3743; x_wconf 86' lang='lat' dir='ltr'><strong>quo</strong></span> <span class='ocrx_word' id='word_1_225' title='bbox 2147 3634 2350 3735; x_wconf 82' lang='lat' dir='ltr'><strong>indu-</strong></span> 
     </span>
     <span class='ocr_line' id='line_1_34' title="bbox 339 3745 2352 3844; baseline -0.002 -25"><span class='ocrx_word' id='word_1_226' title='bbox 339 3758 458 3819; x_wconf 86' lang='lat' dir='ltr'><strong>tus</strong></span> <span class='ocrx_word' id='word_1_227' title='bbox 513 3757 666 3821; x_wconf 78' lang='lat' dir='ltr'><strong>erat</strong></span> <span class='ocrx_word' id='word_1_228' title='bbox 716 3747 997 3821; x_wconf 82' lang='lat' dir='ltr'><strong>amiculi</strong></span> <span class='ocrx_word' id='word_1_229' title='bbox 1045 3745 1343 3837; x_wconf 81' lang='lat' dir='ltr'><strong>alteram</strong></span> <span class='ocrx_word' id='word_1_230' title='bbox 1392 3750 1749 3835; x_wconf 84' lang='lat' dir='ltr'><strong>manicam</strong></span> <span class='ocrx_word' id='word_1_231' title='bbox 1780 3750 2094 3844; x_wconf 77' lang='lat' dir='ltr'><strong>abrupit,</strong></span> <span class='ocrx_word' id='word_1_232' title='bbox 2144 3745 2352 3827; x_wconf 78' lang='lat' dir='ltr'><strong>nibil,-</strong></span> 
     </span>
     <span class='ocr_line' id='line_1_35' title="bbox 339 3830 2448 3942; baseline 0 -24"><span class='ocrx_word' id='word_1_233' title='bbox 339 3869 480 3942; x_wconf 79' lang='lat' dir='ltr'><strong>que</strong></span> <span class='ocrx_word' id='word_1_234' title='bbox 536 3867 671 3918; x_wconf 88' lang='lat' dir='ltr'><strong>eos</strong></span> <span class='ocrx_word' id='word_1_235' title='bbox 725 3846 1136 3937; x_wconf 84' lang='lat' dir='ltr'><strong>allocutus</strong></span> <span class='ocrx_word' id='word_1_236' title='bbox 1118 3871 1187 3918; x_wconf 89' lang='grc' dir='ltr'><strong>ιιι</strong></span> <span class='ocrx_word' id='word_1_237' title='bbox 1220 3830 1478 3937; x_wconf 84' lang='lat' dir='ltr'><strong>silvam</strong></span> <span class='ocrx_word' id='word_1_238' title='bbox 1517 3854 1840 3925; x_wconf 80' lang='lat' dir='ltr'><strong>recurrit.</strong></span> <span class='ocrx_word' id='word_1_239' title='bbox 1967 3836 2134 3921; x_wconf 79' lang='lat' dir='ltr'><strong>Dux</strong></span> <span class='ocrx_word' id='word_1_240' title='bbox 2188 3845 2352 3919; x_wconf 90' lang='grc' dir='ltr'><strong>Μ3-</strong></span> <span class='ocrx_word' id='word_1_241' title='bbox 2419 3926 2448 3939; x_wconf 15' lang='lat'><strong>⁷.</strong></span> 
     </span>
     <span class='ocr_line' id='line_1_36' title="bbox 339 3930 2353 4044; baseline 0.001 -27"><span class='ocrx_word' id='word_1_242' title='bbox 339 3968 554 4039; x_wconf 87' lang='lat' dir='ltr'><strong>gnum</strong></span> <span class='ocrx_word' id='word_1_243' title='bbox 583 3951 1088 4041; x_wconf 86' lang='lat' dir='ltr'><strong>interrogavit.</strong></span> <span class='ocrx_word' id='word_1_244' title='bbox 1141 3930 1334 4043; x_wconf 85' lang='lat' dir='ltr'><strong>quid,</strong></span> <span class='ocrx_word' id='word_1_245' title='bbox 1384 3960 1712 4043; x_wconf 83' lang='lat' dir='ltr'><strong>cognate,</strong></span> <span class='ocrx_word' id='word_1_246' title='bbox 1766 3952 2010 4044; x_wconf 88' lang='lat' dir='ltr'><strong>inquit,</strong></span> <span class='ocrx_word' id='word_1_247' title='bbox 2061 3948 2224 4020; x_wconf 86' lang='lat' dir='ltr'><strong>talia</strong></span> <span class='ocrx_word' id='word_1_248' title='bbox 2256 3951 2353 4020; x_wconf 89' lang='lat' dir='ltr'><strong>si·</strong></span> 
     </span>
     <span class='ocr_line' id='line_1_37' title="bbox 339 4047 2354 4144; baseline 0.001 -27"><span class='ocrx_word' id='word_1_249' title='bbox 339 4047 678 4141; x_wconf 87' lang='lat' dir='ltr'><strong>gnificare</strong></span> <span class='ocrx_word' id='word_1_250' title='bbox 730 4052 1101 4121; x_wconf 70' lang='lat' dir='ltr'><strong>autumas?</strong></span> <span class='ocrx_word' id='word_1_251' title='bbox 1154 4048 1295 4122; x_wconf 92' lang='lat' dir='ltr'><strong>boc</strong></span> <span class='ocrx_word' id='word_1_252' title='bbox 1343 4053 1677 4122; x_wconf 88' lang='lat' dir='ltr'><strong>indicium</strong></span> <span class='ocrx_word' id='word_1_253' title='bbox 1727 4048 2012 4144; x_wconf 84' lang='lat' dir='ltr'><strong>aliquod</strong></span> <span class='ocrx_word' id='word_1_254' title='bbox 2046 4070 2218 4121; x_wconf 91' lang='lat' dir='ltr'><strong>esse</strong></span> <span class='ocrx_word' id='word_1_255' title='bbox 2249 4052 2354 4121; x_wconf 88' lang='lat' dir='ltr'><strong>vi-</strong></span> 
     </span>
    </p>
   </div>
   <div class='ocr_carea' id='block_1_3' title="bbox 411 4174 822 4249">
    <p class='ocr_par' dir='ltr' id='par_1_3' title="bbox 411 4174 822 4249">
     <span class='ocr_line' id='line_1_38' title="bbox 411 4174 822 4249; baseline 0.01 -18"><span class='ocrx_word' id='word_1_256' title='bbox 411 4174 465 4244; x_wconf 67' lang='grc' dir='ltr'><strong>ι)’</strong></span> <span class='ocrx_word' id='word_1_257' title='bbox 499 4178 724 4249; x_wconf 64' lang='lat' dir='ltr'><strong>equites,</strong></span> <span class='ocrx_word' id='word_1_258' title='bbox 763 4183 822 4235; x_wconf 84' lang='lat' dir='ltr'><strong>C.</strong></span> 
     </span>
    </p>
   </div>
  </div>
 </body>
</html>
