2950 4684
346 322 421 386 0.
443 318 664 388 55-56.
887 324 1251 372 msromn
1304 324 1825 376 xum-manvu.
2183 295 2377 402 κθο

345 503 767 598 plicationes
817 525 996 597 agas
1050 524 1185 599 pro
1238 503 1473 577 salute
1521 526 1768 577 eorum
1810 505 2188 594 huminum,
2233 508 2357 599 qui

347 603 489 678 hec
539 605 707 677 loco
759 603 977 676 hodie
1030 605 1491 692 occumbant,
1544 628 1684 678 non
1734 609 1963 698 magis
2013 625 2357 692 meorum,

348 729 552 801 qnam
618 708 742 801 qui
805 726 897 776 ex
961 704 1724 779 celenis-ceciderint.
1826 706 2019 779 Dein
2077 727 2216 778 rex
2266 704 2357 776 ad

348 807 879 879 consessionem
956 809 1299 893 accessit,
1396 810 1767 900 omniaque
1851 816 2144 900 peccata
2225 825 2358 878 sua

349 928 590 982 coram
638 907 1025 979 sacerdote
1064 906 1449 979 confessus
1481 918 1617 992 est,
1670 911 2115 1002 inimicisque
2151 928 2357 1002 quam

347 1017 719 1079 moverant
766 1008 1195 1079 seditionem
1225 1009 1674 1090 condonavit,
1753 1006 2135 1099 Quo-facte
2154 1012 2361 1100 juxta

349 1107 572 1180 altare
625 1108 977 1193 consedit,
1026 1129 1272 1199 sagum
1302 1111 1715 1180 coceineum
1759 1108 2077 1180 humeris
2105 1127 2359 1201 super-

348 1212 624 1301 injecit,
676 1207 928 1280 subter
959 1209 1246 1280 indutus
1289 1208 1638 1282 subucula
1669 1208 2113 1302 bombycina.
2176 1207 2356 1279 Tum

351 1330 508 1396 rex,
559 1309 907 1381 advocato
960 1307 1228 1381 Sveine
1266 1307 1725 1401 Thorgunnae
1776 1309 1947 1396 filio,
1999 1308 2359 1402 cingulum

350 1408 806 1495 bracteatum,
861 1430 1001 1503 quo
1032 1411 1303 1483 cinctus
1341 1420 1518 1496 erat,
1568 1431 1718 1480 rem
1751 1413 2361 1503 pretiosissimam,

349 1527 647 1584 unacum
699 1508 932 1588 cultro
985 1520 1338 1598 crustata,
1389 1513 1662 1597 sumsit,
1716 1509 2107 1605 Sveinique
2159 1508 2359 1581 locu·
2441 1504 2468 1515 ”

348 1620 467 1696 tus
519 1620 667 1688 est:
737 1609 971 1682 hocce
1032 1611 1392 1703 cingulum
1442 1609 1742 1697 habeto,
1811 1609 2075 1697 Svein,
2136 1611 2361 1704 inquit

347 1729 505 1798 rex,
553 1711 747 1806 quod
803 1712 934 1782 nisi
983 1711 1173 1786 bene
1224 1712 1655 1786 collocatum
1706 1732 1883 1785 cave
1921 1734 2011 1784 ne
2043 1711 2357 1798 alienes;

348 1834 505 1884 nam
558 1815 903 1884 incertum
956 1826 1105 1899 est,
1169 1834 1258 1883 an
1309 1813 1511 1906 plura
1566 1834 1854 1885 munera
1905 1835 1944 1884 a
1997 1835 2114 1885 me
2151 1831 2361 1885 acce-

350 1923 601 2006 pturus
650 1915 781 1984 sis.
881 1910 1131 2001 Svein,
1187 1918 1434 2005 gratiis
1488 1915 1581 1984 de
1635 1935 1930 1985 munere
1975 1917 2359 2001 actis,.ex·

348 2012 619 2107 templo
684 2033 769 2084 se
849 2013 1139 2105 cingulo
1207 2015 1708 2101 circumdedit,
1793 2016 2127 2109 idemque
2192 2015 2361 2085 vitae

348 2136 506 2186 suae
570 2112 861 2186 tutelam
931 2135 1023 2186 eo
1095 2113 1212 2185 die
1286 2135 1457 2205 esse
1518 2118 1754 2207 jussit.
1871 2113 2078 2201 Rex,
2154 2116 2362 2192 vitam

350 2218 510 2307 eJ'us
537 2214 681 2285 Dei
724 2213 967 2287 tutelae
1004 2215 1542 2290 commendans:
1593 2236 1774 2287 vero
1800 2215 2102 2287 similius
2134 2214 2360 2298 duxeq

346 2319 516 2403 rim,
569 2313 826 2400 Svein,
879 2318 1130 2411 inquit,
1181 2326 1255 2389 te
1308 2316 1451 2388 hoc
1496 2337 1900 2409 congressu
1951 2337 2093 2387 non
2146 2336 2358 2396 occu·

347 2415 673 2490 biturum.
774 2415 968 2489 Dein
1017 2438 1154 2488 rex
1206 2416 1620 2511 psalterium
1672 2421 1949 2505 sumsit,
1999 2410 2213 2513 atque
2263 2415 2362 2492 de

351 2538 442 2589 eo
493 2519 838 2590 recitavit.

835 2616 1248 2711 Dispositio
1311 2615 1877 2692 Knutianorum.

551 2716 669 2788 56.
785 2718 947 2790 Hoc
1029 2721 1369 2812 temporis
1450 2729 1809 2816 memento
1903 2715 2191 2790 advenit
2270 2712 2363 2785 ad

348 2817 579 2890 aedem
612 2818 1021 2891 -multitudo
1073 2819 1533 2906 colonorum,
1602 2821 1720 2914 qui
1790 2815 2153 2911 extemplo
2207 2837 2363 2886 cum

346 2919 862 2994 vociferatione
918 2929 994 2992 et
1037 2918 1351 2992 clamore
1387 2924 1722 3013 aggressi
1757 2918 2195 3016 quaerebant,
2247 2914 2367 2987 ubi
2463 2921 2468 2926 '

348 3031 552 3094 esset
601 3020 728 3092 ille
764 3021 932 3094 Deo
987 3042 1286 3107 exosuS,
1338 3019 1648 3110 Knutus,
1701 3020 2096 3107 hortanteS,
2147 3028 2227 3096 ut
2275 3037 2363 3090 se

340 3123 927 3214 conspiciendum
981 3122 1376 3217 praeberet,
1432 3145 1668 3219 neque
1723 3122 2231 3208 delitesceret,
2282 3118 2361 3189 fi-

347 3241 651 3316 nemque
703 3226 811 3296 rei
862 3223 1066 3296 brevi
1119 3227 1385 3296 instare
1440 3224 1944 3318 significabant.
2044 3222 2177 3293 His
2217 3217 2363 3290 Be·-

274 3334 279 3342 '
344 3323 707 3398 nedictus:
778 3346 919 3398 non
991 3335 1141 3410 est,
1212 3325 1488 3412 coloni,
1560 3326 1751 3419 quod
1805 3335 1943 3396 tam
1999 3318 2366 3412 magnifica

344 3423 570 3496 verba
611 3427 939 3515 jactetis,
1006 3428 1143 3496 etsi
1194 3447 1380 3497 nunc
1429 3448 1758 3517 magnum
1809 3423 2134 3494 habeatis
2182 3418 2361 3498 mili-

342 3531 489 3598 tum
539 3546 926 3602 numerum.
1029 3524 1238 3598 Haud
1269 3525 1498 3600 vobis
1567 3529 1639 3595 in
1690 3523 2013 3595 manibus
2067 3522 2366 3593 victoria

341 3639 491 3714 est,
543 3647 701 3698 nam
754 3626 1142 3710 faeiemuS,
1195 3633 1275 3696 ut
1324 3625 1582 3696 melius
1631 3625 1940 3697 arrideat
1991 3623 2369 3696 rusticanis

336 3723 516 3812 iuis,
602 3728 719 3822 qui
790 3729 1003 3802 domo
1071 3749 1114 3798 a
1180 3724 1487 3818 pultario
1553 3734 2061 3809 cucurrerunt,
2145 3721 2365 3793 hodie

336 3823 527 3898 domi
587 3849 813 3920 agere
843 3833 918 3900 in
944 3847 1192 3904 messe
1224 3824 1656 3918 flagellanda
1690 3835 2107 3921 occupatos,
2160 3842 2366 3916 quam

335 3927 521 4002 ictus
574 3928 990 4017 nubiscum,
1071 3929 1301 4021 regiis
1348 3926 1818 4015 satellitibuS,
1915 3931 2368 3998 commutare.

330 4023 781 4106 Benedictus
862 4035 973 4106 sic
1043 4039 1198 4104 erat
1282 4030 1621 4112 vestitus:
1702 4024 2006 4123 gerebat
2082 4021 2365 4096 rubram

330 4139 613 4208 vestem
661 4136 1047 4222 coceinam,
1101 4133 1221 4208 cui
1288 4127 1578 4204 loricam
1617 4128 2222 4226 superinduerunt·
2244 4142 2368 4196 ex-
