2950 4684
588 393 593 397 ,
617 304 793 393 342
1154 329 1519 377 rus-roma
1574 326 2092 375 xum-manum.
2389 323 2463 383 c,
2495 322 2646 387 120,

623 513 794 587 Rex
845 511 1061 585 filium
1110 533 1318 585 suum
1370 508 1961 605 christophorum
2008 511 2219 595 misit,
2270 518 2348 580 ut
2377 526 2647 603 pagum

622 613 1090 700 Vindiandiae,
1141 614 1402 685 dictum
1455 607 1939 703 Valungiam1,
1989 609 2434 696 incenderet,
2487 631 2647 681 mo-

625 735 851 801 nens,
929 733 1024 784 ne
1076 717 1274 807 prius
1323 717 1395 784 in
1446 712 1969 783 mediterranea
2023 712 2230 804 equis
2279 708 2647 781 veheren-

625 826 763 902 tur,
815 835 1020 909 quam
1072 823 1268 884 totus
1321 815 1686 883 exercitus
1733 814 1806 881 in
1857 819 2115 882 terram
2159 813 2674 902 pervenisset?

626 913 865 1006 Quum
936 935 1113 986 vero
1166 911 1731 1006 christophorus
1783 933 1870 982 ac
1920 915 2032 982 sui
2082 914 2404 983 vicorum
2459 932 2645 982 exu-

628 1019 933 1087 stionem
985 1016 1189 1084 nimia
1218 1013 1670 1085 festinatione
1698 1020 2348 1105 praeoccupassent,
2376 1011 2645 1099 Vendi,

631 1119 750 1210 qui
803 1119 874 1186 in
926 1113 1225 1186 navibus
1278 1123 1517 1199 erant,
1597 1116 1862 1206 quique
1914 1121 2120 1182 antea
2189 1109 2646 1204 aufugerant,

625 1218 790 1287 viso
842 1214 1173 1286 incendio
1222 1235 1428 1307 quam
1484 1215 1826 1284 citissime
1877 1212 2437 1302 adremigarunt,
2490 1212 2644 1282 Da-

628 1316 885 1411 nisque
935 1317 1360 1408 necopinato
1412 1315 1890 1407 supervenire
1942 1311 2363 1405 cogitabant.
2488 1311 2644 1383 Re-

628 1435 790 1509 gem
845 1426 1076 1488 autem
1134 1414 1630 1486 Valdemarem
1682 1413 1824 1484 hoe
1873 1415 2031 1507 ipso
2084 1423 2439 1485 momento
2477 1434 2644 1485 cum

626 1527 832 1610 parte
882 1515 1140 1588 classis
1191 1516 1578 1587 adventare
1621 1516 2034 1607 conspicati,
2088 1515 2646 1607 quantoeissime

629 1636 716 1686 se
769 1616 1265 1709 abripuerunt,
1345 1626 1422 1687 ut
1471 1616 1656 1686 Dani
1711 1635 1845 1685 eos
1897 1616 2194 1709 adsequi
2244 1618 2644 1709 nequirent.

627 1716 819 1787 Dein
869 1717 1057 1787 Dani
1108 1726 1387 1811 portum
1439 1718 1790 1809 ingressi,
1862 1737 2083 1786 naves
2137 1719 2462 1786 tentoriis
2510 1738 2645 1788 ve-

631 1816 893 1906 larunt3
945 1838 1273 1911 naveque
1326 1820 1525 1909 regia
1579 1816 1834 1902 velata,
1890 1814 2642 1913 Askelarchiepiseo-

626 1940 768 2012 pus
819 1940 911 1989 eo
974 1918 1293 2004 advenit,
1380 1929 1453 1990 et
1515 1921 1621 1990 sic
1689 1917 1973 1988 locutus
2041 1926 2185 1987 est:
2268 1938 2404 1988 vos
2457 1938 2644 1989 vero

627 2018 814 2091 Dani
882 2022 949 2089 in
1015 2018 1238 2090 rebus
1304 2020 1649 2112 gerendis
1716 2021 2156 2111 praeproperi
2228 2019 2442 2103 estiS,
2520 2021 2642 2112 qui

632 2139 766 2191 eos
816 2131 978 2192 ante
1003 2118 1393 2213 sepeliatis,
1445 2140 1650 2214 quam
1683 2121 1934 2189 mortui
1970 2122 2130 2189 sint.
2234 2118 2471 2209 Rege,
2509 2139 2646 2190 eur

609 2222 741 2291 sic
769 2219 1210 2314 loqueretur,
1260 2223 1770 2310 interrogante,
1809 2218 2424 2312 archiepiscopus:
2478 2221 2643 2313 quia

628 2317 838 2390 nohis
889 2321 1108 2392 video
1171 2318 1311 2389 hoc
1379 2318 1545 2389 loco
1599 2322 1790 2389 circa
1846 2318 2117 2390 insulas
2173 2330 2245 2391 et
2294 2319 2644 2413 scopulos

632 2419 751 2491 diu
800 2418 1210 2491 haerendum
1266 2440 1459 2504 esse,
1513 2428 1883 2513 antequam
1941 2420 2184 2491 damna
2238 2419 2372 2491 hac
2412 2430 2642 2491 teme-

628 2523 838 2592 ritate
892 2519 1076 2591 facta
1145 2523 1296 2613 pari
1364 2523 1664 2591 victoria
1732 2541 2315 2613 compensemus3
2401 2542 2642 2615 neque

629 2622 1156 2715 praecipitantiae
1208 2620 1401 2692 solet
1451 2642 1699 2691 comes
1755 2641 1924 2691 esse
1964 2622 2347 2714 prudentia.
2447 2621 2646 2692 Dein

597 2721 963 2794 ,hortante
1017 2721 1565 2818 archiepiscopo
1618 2724 1946 2816 repetitis
2000 2721 2334 2808 navibuS,
2414 2723 2643 2794 fluen-

632 2834 777 2895 tum
846 2823 1173 2919 aliquod,
1251 2823 1442 2918 quod
1515 2844 1605 2894 eo
1673 2822 1836 2895 loco
1909 2832 2100 2908 erat,
2181 2824 2643 2915 trajecerunt,

634 2926 984 3019 equisque
1036 2927 1106 2993 in
1156 2933 1414 2995 terram
1472 2926 1851 3017 expositiS,
1914 2932 2130 2994 totamw
2180 2925 2645 3017 provinciam,

633 3046 796 3116 quae
851 3045 941 3094 eo
992 3020 1159 3094 loco
1212 3045 1428 3117 supra
1482 3021 1849 3094 Straeiam²
1903 3033 2037 3109 est,
2088 3024 2381 3094 flammis
2409 3034 2642 3095 vasta-

629 3132 817 3208 runt,
868 3123 1110 3217 ibique
1156 3134 1437 3194 noctem
1469 3128 1987 3216 transegerunt.
2090 3122 2404 3221 Postero
2437 3145 2641 3196 mane

629 3224 703 3292 in
751 3221 1167 3314 Valungiam
1218 3223 1550 3316 profecti,
1602 3221 1790 3294 hunc
1837 3244 2094 3317 pagum
2148 3226 2642 3313 incenderunt,

631 3345 773 3418 quo
826 3324 1013 3395 facto
1066 3323 1667 3396 domum'reverti
1695 3334 2112 3396 statuerunt.
2213 3324 2368 3396 Sed
2399 3328 2642 3419 proxi-

617 3446 743 3499 ma
795 3434 961 3519 post
1009 3434 1223 3495 nocte
1290 3424 1548 3518 Raengi
1601 3447 1733 3497 eos
1783 3426 1869 3496 ad
1923 3423 2384 3497 Masaesum³
2436 3446 2640 3497 asse-

634 3527 777 3596 cuti
841 3533 1033 3614 sunt3
1114 3524 1188 3596 hi
1255 3526 1572 3598 incolunt
1644 3529 2073 3621 provinciam
2158 3526 2641 3614 Vindlandiae,
2757 3575 2766 3582 -

638 3717 769 3781 Bor,
809 3715 946 3784 Por)
979 3732 1160 3789 portus
1197 3718 1382 3792 aliquis
1419 3721 1520 3773 suit
1555 3720 1612 3773 fin
1647 3720 1927 3774 meridiana
1969 3719 2151 3793 Rugiae
2183 3735 2329 3793 parte
2355 3721 2423 3772 ad
2450 3721 2640 3773 fretum

633 3812 920 3867 Straelcuse·

708 3904 755 3971 1)
790 3905 844 3957 in
883 3918 1026 3976 parte
1064 3901 1362 3958 occidentali
1401 3903 1611 3974 Rugiae,
1669 3918 1844 3975 postea
1907 3901 2170 3972 lVolung.
2293 3905 2343 3974 ²)
2380 3906 2546 3959 insula
2584 3896 2656 3958 in*

634 4001 768 4052 freto
803 3997 1094 4062 Stroelensi,
1150 3997 1305 4049 hodie
1349 3994 1639 4048 Dc‘inliolm.
1748 3996 1797 4061 ο)
1832 4011 2042 4068 putatur
2077 4018 2187 4052 ease
2221 3997 2638 4071 promontorium

630 4090 686 4144 in
723 4090 890 4146 insula
927 4089 1194 4156 Umatia,
1230 4089 1297 4144 ad
1333 4087 1643 4143 occidentale
1679 4089 1811 4144 latua
1853 4089 2034 4163 Rugiae
2070 4090 2182 4148 sita.
