2950 4684
200 340 209 345 ’
308 366 384 427 ο,
411 361 480 427 6,
845 366 942 414 nn
984 367 1299 421 mmmm
1337 367 1817 417 somnusmuS.
2220 342 2331 432 Π

308 550 593 647 pellans
621 553 1039 643 interrogat,
1069 572 1158 621 an
1194 550 1577 645 professus
1603 556 1720 640 sit,
1771 555 2000 647 ipsum
2033 564 2326 629 ceteros

308 674 697 744 regnorum
725 651 1404 744 septemtrionalium
1435 675 1656 745 reges
1678 674 1822 725 non
1848 654 2321 729 antecellere:

308 757 423 826 sic
476 756 660 823 enim
712 752 800 823 ad
859 773 943 822 se
976 750 1282 825 delatum
1337 774 1529 825 esse.
1626 752 1745 825 Ad
1801 754 1956 827 haec
1985 755 2322 848 dynasta:

311 875 457 946 ego
508 874 716 939 vere,
768 853 1075 951 domine,
1124 855 1198 922 in
1248 864 1569 925 neutram
1617 864 1889 947 partem
1943 855 2325 948 professus

309 976 468 1024 sum
520 953 925 1047 quidquam,
977 975 1132 1023 cum
1187 952 1302 1023 alii
1355 953 1737 1024 hancrem
1780 976 2054 1026 summo
2084 957 2322 1029 studio

308 1053 701 1146 urgebant:
754 1076 908 1124 nam
963 1074 1107 1144 ego
1162 1063 1565 1128 ceterorum
1621 1059 1934 1125 sermoni
1963 1077 2073 1143 me
2101 1055 2320 1128 hand-

308 1176 659 1248 quaqnam
711 1156 1075 1238 immiscui,
1128 1174 1347 1247 quare
1404 1157 1590 1224 omni
1634 1155 1839 1248 culpa
1862 1176 2119 1229 vacare
2155 1156 2323 1228 mihi

308 1255 587 1326 videor.
688 1253 935 1348 ltaque
989 1253 1127 1324 hoc
1176 1257 1367 1324 scire
1396 1275 1603 1340 aveo,
1639 1258 1882 1350 inquit
1910 1278 2061 1341 rex,
2113 1280 2318 1350 quam

309 1354 574 1424 afferas
627 1370 948 1441 cansam,
1018 1375 1159 1424 cur.
1213 1353 1335 1424 tibi
1402 1353 1561 1424 haec
1631 1378 1756 1427 res
1819 1378 2038 1426 secus
2107 1368 2319 1451 atque

310 1453 474 1524 aliis
524 1454 929 1525 hominibus
968 1455 1308 1526 videatur.
1408 1454 1614 1526 Haud
1657 1454 2069 1526 difficultate
2099 1467 2322 1543 caret,

308 1556 620 1642 domine,
674 1558 891 1648 inquit
923 1556 1247 1647 dynasta,
1299 1554 1513 1648 hujus
1548 1560 1650 1627 rei
1704 1560 2320 1646 commemorati03

309 1666 382 1726 at
447 1677 629 1726 vero
708 1654 872 1725 mihi
934 1655 1213 1748 quidem
1277 1658 1343 1725 is
1414 1656 1748 1748 dignitate
1812 1656 1969 1729 aliis
2038 1661 2328 1733 minime

311 1766 656 1848 praestare
709 1756 1017 1841 videtur,
1069 1759 1205 1841 cni,
1257 1757 1730 1849 vectigalibus
1780 1761 2010 1850 ipsius
2059 1757 2148 1829 ab
2177 1758 2320 1833 alio

312 1860 682 1949 occupatis
734 1855 1094 1949 longoque
1147 1866 1469 1948 tempore
1525 1860 1857 1942 retentis,
1929 1858 2166 1929 desint
2214 1861 2320 1931 vi-

310 1979 437 2031 res
490 1960 902 2050 animusque
944 1957 1031 2026 ad
1076 1958 1512 2050 repetendas
1539 1980 1682 2029 reS.
1784 1958 1919 2029 Hic
1955 1978 2111 2042 rex,
2162 1976 2322 2027 cum

310 2057 675 2151 paulisper
703 2061 1067 2143 tacuisset,
1110 2066 1317 2149 rupto
1345 2056 1662 2127 silentio:
1717 2077 1866 2127 rem
1896 2056 2322 2149 pensitando

309 2158 656 2244 intellexi,
698 2160 952 2251 iuquit,
1002 2178 1178 2229 vera
1233 2177 1403 2226 esse
1456 2157 1636 2227 hanc
1686 2159 1756 2227 in
1807 2150 1984 2227 rem'
2013 2178 2052 2226 a
2100 2166 2176 2228 te
2214 2156 2318 2227 di-

309 2268 424 2330 cta
477 2269 554 2329 et
604 2256 909 2351 prelata3
977 2279 1226 2329 verum
1278 2279 1419 2328 non
1473 2267 1625 2344 est,
1687 2259 1877 2352 quod
1942 2256 2318 2330 callidissi-

309 2381 469 2430 mus
538 2359 834 2451 dynasta
899 2357 1208 2451 mihique
1268 2362 1736 2430 amicissimus
1803 2360 2222 2444 vocitet-iffi:
2253 2361 2322 2429 si

210 2502 215 2509 -
311 2463 731 2551 excogitare
784 2480 1104 2553 nequeas
1155 2458 1526 2530 consilium
1561 2459 1998 2552 opprimendi
2030 2457 2321 2531 Haraldi

310 2559 640 2633 Grafeldi
693 2559 839 2645 lilii,
890 2559 976 2628 ad
1032 2580 1240 2653 quem
1300 2561 1492 2630 ‘dicta
1546 2569 1665 2630 tua
1717 2548 2048 2653 spectare
2111 2558 2317 2630 intel·

313 2659 514 2752 ligo.'
587 2660 720 2730 Cui
775 2661 1106 2752 dynasta:
1173 2663 1269 2730 ita
1319 2662 1600 2731 demum
1634 2657 1886 2735 ,honos
1940 2673 2138 2744 tuuS,
2206 2682 2318 2730 me

311 2771 387 2831 et
436 2759 749 2831 Haraldo
802 2760 1097 2833 Auroso
1141 2771 1403 2854 nepote
1446 2771 1594 2844 tuo,
1645 2760 2052 2842 invitandis,
2096 2758 2318 2848 auge-

309 2861 536 2947 bitur,
616 2864 678 2932 si
744 2861 831 2931 ab
895 2861 1037 2932 hoc
1100 2871 1426 2953 tempore
1492 2860 1777 2950 majoris
1841 2876 2045 2950 quam
2113 2866 2320 2931 antea

308 2964 748 3033 auctoritatis
781 2961 1302 3032 existimabere.
1368 2958 1643 3052 Quare,
1685 2979 1845 3050 age,
1900 2979 2033 3029 nos
2067 2978 2319 3031 omnes

307 3085 445 3133 una
496 3061 869 3134 consilium
925 3065 1320 3155 capiamus,
1390 3061 1576 3155 quod
1635 3082 1677 3131 e
1729 3082 1811 3130 re
1866 3068 2105 3130 nostra
2158 3059 2318 3130 fore

307 3164 677 3249 videatur,
746 3173 1208 3256 nostrumque
1276 3166 1578 3232 omnium
1641 3161 1894 3232 honori
1959 3162 2317 3232 inserviat.-

305 3262 554 3358 Itaque
605 3285 791 3335 nunc
841 3263 985 3337 tale
1016 3262 1388 3335 consilium
1418 3272 1643 3346 strue,
1696 3262 1915 3354 inquit
1942 3280 2099 3344 rex,
2141 3262 2317 3350 jam-

306 3387 449 3457 que
518 3363 794 3435 consilii
862 3361 1188 3456 capiendi
1270 3362 1636 3433 solertiam
1709 3359 2322 3453 prudentiamque,

152 3478 177 3499 ’
306 3487 467 3557 quae
528 3467 600 3547 in
654 3475 726 3535 te
793 3466 979 3536 adeo
1050 3462 1443 3549 laudantur,
1514 3460 1793 3533 adhibe.
1894 3458 2178 3529 Hakon:
2259 3464 2322 3530 si

309 3584 485 3636 cura
535 3567 857 3639 struendi
913 3563 1189 3637 consilii
1237 3569 1308 3634 in
1360 3585 1472 3635 me
1522 3561 1972 3645 devolvetur,
2016 3562 2154 3652 Jam
2194 3576 2326 3633 ex-.

309 3667 697 3758 cogitatum
718 3663 1098 3741 consilium
1133 3676 1279 3736 est:
1334 3667 1649 3739 nimirum
1681 3684 1817 3734 una
1850 3664 2072 3747 navis,
2125 3682 2164 3730 a
2216 3661 2319 3729 vi-

305 3767 412 3835 ris
463 3766 667 3841 hene,
696 3769 1059 3852 instructa,
1113 3765 1278 3834 hinc
1312 3764 1649 3833 mittenda
1682 3773 1794 3834 est
1820 3763 1910 3832 ad
1936 3759 2322 3833 Haraldum

307 3863 776 3937 Grafeldumt
828 3865 1257 3959 significate,
1323 3872 1397 3933 te
1450 3884 1620 3933 eum·
1670 3863 1856 3934 haud
1913 3860 2324 3934 multisseoff

307 3968 621 4045 unitatum
675 3984 943 4045 summa
1012 3988 1170 4041 cum
1220 3963 1518 4037 honoris
1583 3962 2114 4037 testificatione.
2144 3959 2321 4029 invi-

308 4076 466 4137 tare
532 4067 622 4137 ad
686 4070 1089 4143 convivium
1153 4064 1450 4141 honoris
1515 4083 1732 4135 causa
1792 4056 2328 4144 instituendum,

306 4168 523 4263 eique
579 4188 714 4262 per
768 4168 1054 4262 legatos
1109 4167 1448 4251 nuntiato,
1501 4176 1726 4258 posse
1779 4180 1904 4231 res
1955 4160 2139 4229 inter
2188 4179 2328 4233 vos

409 4294 529 4350 vot
564 4295 659 4349 x1.
1843 4257 1909 4331 B
