2950 4684
291 316 296 323 ·

350 330 424 394 c.
454 325 768 394 125.126,·
886 328 1252 379 msa-oum
1305 330 1825 382 normanum.
2188 307 2365 396 ffl?

347 514 682 587 dentibus
750 537 963 610 quum
1033 519 1484 589 constitutum
1539 528 1765 607 esset,
1829 526 1910 591 ut
1970 517 2357 595 Grozvinae

346 620 835 702 convenirent,
885 638 1021 688 rex
1071 616 1458 689 Valdemar
1494 617 1696 706 loco,
1776 641 1985 714 quem
2028 624 2214 692 inter
2269 642 2356 692 se

346 717 854 804 condixerant,
924 738 1249 811 praesens
1300 719 1546 790 adfuit.
1667 718 1904 811 Quum
1965 743 2146 793 vero
2208 722 2358 792 dux

344 815 663 904 abesset,
721 840 858 889 rex
914 818 1297 890 Valdemar
1339 820 1706 913 oppidum,
1733 821 1993 892 dictum
2038 820 2356 892 Kotsk'o‘-

344 915 541 1010 gam¹
597 917 973 990 obsidione
1030 918 1306 1006 clausit,
1358 923 1909 1015 insequentique
1961 932 2173 994 nocte
2227 920 2355 992 ob-

343 1039 627 1090 sessam
700 1024 1021 1114 proxima
1091 1029 1303 1092 nocte
1383 1022 1678 1092 flammis
1751 1021 2139 1110 absumsit,
2212 1042 2355 1116 quo

342 1118 557 1207 facto,
609 1119 793 1192 locis
844 1123 1208 1214 impacatis
1261 1120 1536 1192 relictis
1550 1173 1571 1208 ,
1622 1123 1713 1193 ad
1765 1144 1989 1194 naves
2042 1144 2218 1195 suas
2266 1141 2357 1192 sc

342 1220 605 1292 retulit.
705 1220 881 1292 Inde
934 1221 1024 1292 ad
1078 1222 1334 1292 ostium
1386 1221 1748 1297 Plazaeum
1800 1226 2182 1316 navigavit,
2234 1243 2358 1292 ea·-

344 1341 484 1415 que
537 1323 832 1393 transiit.
959 1321 1130 1393 Duo
1181 1343 1362 1394 vero
1415 1322 1537 1394 illa
1605 1323 1905 1395 castella
1973 1346 2013 1394 a
2082 1322 2357 1394 Vendis

317 1430 707 1493 ‚exstructa
756 1424 1117 1494 inundatio
1168 1426 1432 1495 marina
1484 1423 1717 1496 bieme
1769 1422 2205 1517 praecedenti
2233 1421 2356 1494 ab·

341 1532 747 1614 sorpserat,
828 1532 1115 1618 totaque
1181 1524 1651 1618 perfregerat.
1700 1558 1709 1565 ’
1781 1523 1966 1598 Post
2012 1522 2173 1595 baec
2222 1543 2357 1594 rex

343 1620 625 1693 domum
691 1622 917 1694 rediit.

815 1721 1174 1795 ·Nuntius
1223 1747 1273 1796 a
1307 1747 1523 1819 papa
1571 1728 1861 1796 missus.

545 1821 711 1893 126.
818 1823 1085 1895 Eadem
1138 1834 1308 1917 post
1356 1824 1595 1895 hieme
1645 1822 2103 1911 Alexander,
2177 1836 2352 1918 pon-

269 1991 276 1997 .
339 1921 520 1992 tifex
568 1920 976 2008 Romanus,
1055 1922 1604 2018 archiepiscopo
1666 1923 2018 1994 Absaloni
2068 1924 2354 2017 pallium

341 2024 553 2106 misit,
605 2020 1182 2117 legationemque
1224 2021 1500 2108 Daniae,
1551 2022 1843 2095 Sveciae
1875 2033 1948 2094 et
1980 2028 2355 2119 utriusque

341 2119 630 2192 Gotbiae
683 2120 1071 2211 mandavit3
1126 2122 1314 2217 quod
1368 2125 1676 2215 gratuito
1730 2133 2164 2196 consecutus
2219 2134 2354 2211 est,

338 2244 552 2314 quum
607 2231 768 2293 ante
824 2242 983 2292 eum
1036 2243 1247 2294 nemo
1313 2224 1868 2295 siuemercede
1920 2228 2355 2296 consecutus

338 2320 618 2393 fuisset.
759 2321 1232 2414 Inauguratus
1300 2332 1416 2394 est
1482 2326 1672 2394 circa
1739 2333 2024 2418 tempus
2085 2327 2352 2418 jeJ'unii.

337 2421 494 2492 Hac
562 2421 806 2517 elapsa
870 2422 1106 2494 bieme
1174 2442 1306 2494 rex
1367 2422 1755 2495 Valdemar
1818 2428 2066 2519 copias
2133 2429 2353 2498 totius

269 2588 272 2593 ,
337 2521 591 2593 Daniae
641 2527 710 2594 in
766 2524 1297 2615 expeditionem
1362 2528 1726 2611 evocavit,
1803 2530 1922 2619 qui
1989 2529 2353 2597 exercitus

337 2624 405 2692 iu
456 2621 645 2694 freto
695 2622 1325 2696 viridi-convenit.
1430 2623 1566 2695 Hic
1617 2647 1829 2718 quum
1883 2647 2013 2698 rex
2081 2625 2350 2697 Valde:-

339 2743 491 2792 mar
540 2723 897 2816 proficisci
950 2723 1235 2816 longius
1287 2721 1553 2810 nollet,
1604 2724 1940 2795 militibus
1987 2724 2352 2818 praecepit,

336 2833 420 2894 ut
464 2826 622 2916 regi
673 2823 940 2910 Knuto,
990 2823 1136 2895 filio
1188 2846 1348 2911 suo,
1400 2833 1475 2894 et
1524 2823 2070 2918 archiepiscopo
2111 2825 2346 2896 Absa-

338 2921 517 3008 loni,
583 2945 767 3016 quos
821 2928 1294 3017 imperatores
1346 2927 1697 2995 exercitui
1750 2925 2106 3018 praefecit,
2140 2926 2350 2996 dicto

335 3023 716 3094 audientes
786 3034 1070 3113 essent3
1149 3028 1309 3118 ipse
1376 3045 1606 3118 regno
1677 3026 2041 3097 excedere
2103 3025 2347 3099 noluit.

336 3124 528 3193 Dein
615 3122 1076 3215 Valagustam
1162 3125 1503 3219 profecti,
1618 3147 1894 3198 omnem
1926 3182 1929 3187 .
1967 3128 2158 3199 cirea
2226 3147 2344 3197 re·—

334 3226 623 3317 gionem
689 3224 1186 3315 incenderunt3
1285 3227 1457 3297 inde
1514 3225 1793 3299 Usnam
1860 3248 1983 3298 set
2020 3225 2343 3299 contule*

333 3333 537 3411 runt,
613 3323 851 3420 ibique
919 3328 1151 3398 omnia
1214 3325 1375 3397 loca
1437 3330 1919 3420 circumjecta,
1950 3331 2346 3419 ipsumque

334 3426 670 3518 oppidum*
734 3434 811 3498 et
887 3447 1139 3497 omnes
1203 3435 1477 3497 tractus
1545 3422 1913 3495 habitatos,
1967 3427 2345 3497 inflamma-

331 3527 514 3596 runt.
617 3526 779 3598 Huc
830 3524 1047 3596 delati
1103 3523 1557 3596 Bnuizleivus
1611 3534 1687 3594 et
1729 3523 2346 3612 Kassamar‘,‘dux

332 3623 779 3698 Vindlaudiae
846 3623 1248 3711 orientalis,
1350 3623 1795 3694 clementiam
1863 3628 2063 3718 regis
2098 3624 2346 3696 “Knuti

335 3733 414 3797 et
459 3723 846 3799 Absalonis
895 3724 1418 3818 archiepiscopi
1468 3723 1968 3817 implorarunt,
2042 3724 2344 3797 obsides

336 3846 433 3897 ex
502 3824 825 3898 omnibus
890 3826 1236 3920 subjectis
1302 3826 1684 3917 provinciis
1762 3825 2153 3911 dederunt,
2225 3845 2342 3894 re-

332 4070 466 4124 iuter
499 4072 683 4127 fluvios
721 4071 919 4128 penum
966 4088 1015 4127 et
1051 4072 1320 4146 Ryckum,
1369 4071 1424 4127 in
1463 4069 1758 4143 diplomatis
1802 4067 2150 4140 Gotzckowe,
2203 4068 2341 4123 Gho-

333 4160 585 4218 tzekowe.
