2950 4684
585 279 765 377 ffl
1108 303 1474 355 marona
1528 301 2046 351 murmannu-
2129 372 2134 376 ᾗ
2285 297 2608 374 αὓτδβ,

597 490 1172 583 θὶιιε·νθαίι·ευῑ,
1234 486 1512 583 aliquid
1554 485 1725 558 boni
1775 483 1865 557 ab
1920 505 2013 561 eo
2066 505 2604 580 consequeren-

595 599 740 679 tur3
819 610 1047 684 quare
1110 611 1153 661 a
1205 610 1351 684 quo
1400 587 1602 659 multi
1672 585 1862 658 bene
1927 586 2213 679 excepti
2274 585 2606 673 fuissent,

595 689 683 763 ab
735 689 881 765 hoc
927 691 1021 765 ad
1069 711 1155 762 se
1227 710 1515 784 quoque
1575 687 1838 782 aliquid
1905 689 2297 761 ornamenti
2360 686 2603 782 profe-

594 800 870 869 cturum
933 812 1281 885 sperans,
1348 788 1799 882 Heidabynm
1850 790 2186 880 navigare
2265 789 2608 873 decrevit.

596 890 845 978 Fran,
895 892 1087 989 quod
1123 890 1491 967 occlusum
1520 899 1695 976 erat,
1745 890 2216 983 adnaviganS„
2256 889 2606 965 custodes

598 993 907 1066 castello
960 995 1332 1087 impositos
1381 990 1743 1079 inclamat,
1823 1011 1911 1061 se
1982 999 2257 1084 portum
2323 991 2610 1083 ingredi

598 1093 796 1167 velle
847 1092 1274 1187 significans.
1376 1091 1700 1179 Custodi,
1753 1094 1914 1186 quis
1947 1100 2170 1178 esset,
2222 1095 2605 1186 quaerenti:

597 1194 957 1287 Vidgotus
1010 1193 1174 1265 mihi
1206 1214 1463 1265 nomen
1500 1188 1635 1282 est,
1686 1195 1925 1286 inquit.
2028 1190 2330 1267 Custos:
2383 1195 2611 1267 vetuit

595 1293 882 1369 Knutus
930 1291 1345 1382 Lavardus,
1420 1315 1513 1366 ne
1565 1297 1683 1367 cui
1731 1296 1978 1385 ignoto
2027 1303 2282 1386 portus
2332 1297 2608 1387 aperia-

595 1417 774 1469 mus,
876 1396 1271 1490 Vidgotus:
1325 1398 1526 1489 aperi
1593 1404 1905 1489 portum,
1967 1393 2235 1489 sodes„
2292 1392 2607 1467 Knutum

599 1500 785 1569 enim
837 1501 1226 1571 convenire
1276 1495 1485 1585 volo;
1567 1497 1800 1590 quisi
1871 1493 2082 1585 hujus
2150 1497 2259 1565 rei
2328 1494 2606 1589 culpam

453 1617 459 1622 ·
601 1600 671 1667 in
722 1608 796 1669 te
852 1597 1269 1684 transferat,
1342 1618 1487 1690 ego
1533 1606 1610 1679 te
1664 1595 1906 1669 verbis
1961 1594 2360 1677 defendam.
2463 1595 2606 1668 Cu-

598 1710 789 1771 stos:
865 1698 1177 1790 benigne
1245 1701 1471 1792 petis,
1551 1699 1790 1791 inquit.
1889 1694 2245 1789 Aperiunt
2307 1695 2606 1789 fretun„

597 1797 957 1891 Vidgotus
1007 1800 1170 1871 navi
1221 1799 1618 1890 ingreditur
1636 1821 1659 1883 :-
1718 1797 1809 1868 ad
1864 1798 2117 1870 ducem
2167 1819 2254 1867 se
2306 1795 2606 1869 confert.

596 1898 867 1985 Knnto,
918 1902 1192 1993 cujates
1245 1907 1515 1986 essent,
1567 1902 2089 1991 interrogante,
2140 1896 2230 1967 ab
2282 1897 2603 1968 Samlan-
2695 1924 2702 1928 ·

600 2000 715 2072 «lia
767 2022 941 2074 esse
993 2002 1335 2074 adseruit.
1438 1998 1574 2079 Cui
1622 1997 1939 2079 Kentos:
1993 1997 2175 2069 fama
2226 2002 2322 2071 tui
2360 2001 2452 2071 ad
2481 2021 2605 2071 au·
2749 2072 2752 2081 ,

532 2102 537 2109 ’
597 2123 723 2173 res
771 2124 972 2174 meas
1023 2101 1298 2197 perlata
1345 2103 1702 2195 comperi,
1779 2110 1852 2172 te
1919 2120 2216 2194 paganae
2271 2098 2607 2195 religioni

595 2202 947 2275 addictum
1002 2223 1194 2275 esse.
1308 2200 1414 2276 Se
1462 2222 1788 2295 suosque
1840 2222 2159 2294 paganos
2212 2222 2383 2273 esse
2417 2196 2601 2296 ‘pro-

592 2302 872 2388 fitente,
927 2303 1107 2374 dux:
1162 2302 1321 2372 duae
1377 2311 1639 2394 praesto
1690 2310 1856 2372 sunt
1906 2301 2387 2389 conditioneS,
2439 2322 2602 2389 una,

597 2411 679 2475 nt
744 2399 1193 2477 christianam
1260 2399 1686 2494 religionem
1751 2400 2267 2496 amplectamini
2349 2413 2422 2475 et
2482 2402 2605 2475 ba-

593 2506 920 2598 ptismum
970 2504 1384 2589 admittatiS,
1436 2524 1580 2597 quo
1630 2502 1820 2575 facto
1861 2525 1999 2576 vos
2035 2524 2286 2581 omnes
2314 2515 2606 2599 exopta-

592 2615 712 2679 tos
761 2605 1028 2678 adesse
1070 2603 1336 2698 jubeo,
1413 2603 1673 2692 altera,
1757 2613 1871 2692 ut,
1956 2604 2120 2698 quid
2187 2615 2603 2679 eventurum

593 2706 728 2792 sit,
801 2704 1105 2779 fortunae
1156 2706 1593 2802 permittatis
1692 2704 2085 2798 Vidgotus:
2166 2727 2401 2777 nonne
2466 2728 2604 2781 una

594 2810 776 2879 ratio
827 2817 1154 2901 praestat,
1235 2808 1554 2894 domine,
1635 2805 2004 2877 meliorem
2057 2805 2364 2878 oblatam
2435 2830 2606 2879 con-

597 2907 934 2980 ditionem
1014 2908 1468 3004 praeoptare?
1552 2928 1693 2998 ego
1775 2928 1956 2979 vero
2035 2905 2341 2992 libenter
2414 2906 2601 2981 chri-

595 3010 891 3081 stianam
962 3009 1385 3101 religionem
1448 3006 1781 3100 amplecti
1833 3006 2042 3096 volo,
2120 3017 2198 3080 ut
2255 3030 2347 3080 eo
2413 3009 2603 3082 facto

594 3127 638 3176 a
687 3114 761 3176 te
815 3106 1184 3193 beneficiis
1234 3129 1469 3181 orner.
1570 3107 1764 3177 Dein
1814 3107 2141 3201 baptizati
2189 3119 2388 3196 sunt,
2450 3107 2603 3183 hie·

594 3226 923 3301 memque
991 3207 1179 3301 apud
1245 3207 1562 3279 Knutuni
1626 3204 2026 3281 Lavardum
2080 3231 2334 3303 magno
2387 3208 2604 3283 habiti

592 3305 871 3391 honore
922 3317 1443 3402 transegerunt.
1545 3307 1927 3402 Vidgotus,
1955 3333 1998 3383 a
2030 3312 2216 3385 duce
2253 3314 2602 3385 sermoni·

589 3406 729 3481 bus
779 3409 1041 3484 crebro
1089 3409 1465 3496 adbibitus,
1520 3409 1735 3481 multa
1784 3432 1945 3505 quae
1998 3411 2308 3485 referret
2337 3434 2602 3495 memo-

591 3508 841 3593 rabilia
891 3509 1167 3602 habuit3
1241 3520 1394 3584 erat
1462 3513 1646 3585 enim
1698 3511 2067 3587 multarum
2120 3535 2374 3595 rerum,
2413 3516 2601 3608 peri·

591 3617 751 3696 ωε,
803 3611 1160 3708 multaque
1213 3613 1376 3686 loca
1426 3609 1721 3684 obierat.
1851 3613 2025 3685 Dux
2076 3613 2168 3688 ab
2220 3635 2313 3685 eo
2364 3614 2603 3689 multis

590 3710 687 3782 de
734 3711 959 3784 rebus
1007 3723 1354 3786 terrarum
1408 3712 1855 3799 orientalium
1905 3714 2399 3808 perquirebat:
2476 3713 2642 3788 ille.

589 3810 832 3900 multa,
885 3835 1045 3909 quae
1102 3814 1194 3885 de
1245 3817 1336 3888 iis
1388 3817 1606 3886 terris
1656 3814 1989 3901 referret,
2042 3814 2364 3891 habehat.

739 3912 1294 3993 Matrimonium
1344 3941 1392 3989 α
1447 3913 1699 3987 Knuto
1752 3912 2109 3986 Lavardo
2158 3918 2439 3986 initum.

787 4011 912 4085 88.
1012 4014 1095 4086 In
1155 4019 1371 4090 terris
1435 4013 1902 4087 orientalibus
1967 4013 2384 4109 Holmgardi
2462 4031 2600 4088 rex

586 4121 740 4187 erat
787 4112 1179 4203 Haraldus,
1246 4116 1434 4191 filius
1486 4117 1686 4208 regis
1750 4113 2231 4204 valdemaris,
2296 4115 2420 4191 lilii
2469 4114 2597 4190 Ja-
