2950 4684
461 358 468 366 .
547 297 725 387 Ἀθ
1088 320 1457 370 maronia,
1509 315 2040 365 anonumum.-
2302 392 2307 400 Ι
2356 311 2431 373 G.
2462 308 2574 375 43.

552 514 1069 593 monstrarunt,
1147 502 1647 598 rempublicam
1699 500 2040 573 Danicam
2093 520 2275 593 rege
2326 496 2577 569 Knuto

555 628 908 703 nunquam
960 608 1157 679 vires
1208 612 1714 690 assumturam3
1797 599 2018 673 multo
2072 598 2358 693 plures,
2437 599 2576 668 eta·

559 709 818 781 eodem
872 728 1014 801 quo
1070 707 1296 777 ceteri
1348 706 1578 776 animo
1632 712 1922 788 essent,
1993 701 2360 785 invidiam,
2437 718 2577 792 qun

556 827 811 901 regem
864 804 1517 901 prosequebantur,
1598 824 1740 874 non
1790 811 1926 873 tam
1981 800 2356 873 manifesto
2408 820 2576 893 pro-

561 907 862 994 debant,
944 915 1114 978 uta
1176 904 1619 977 multitudine
1686 905 1915 996 repeti
1986 910 2261 996 posset.
2389 899 2579 986 Jam,

562 1007 1200 1104 quidcapiendum
1256 1003 1537 1076 consilii
1591 1013 1814 1089 esset,
1869 1023 2027 1074 cum
2077 1001 2292 1072 multa
2327 1013 2580 1073 essent

561 1131 604 1179 a
656 1107 994 1179 militibus
1047 1106 1434 1198 disputata,
1523 1113 1917 1196 essentque
1982 1104 2367 1195 principum
2421 1104 2579 1196 qui-

565 1208 749 1293 dam,
800 1209 921 1301 qni
971 1207 1314 1291 dicerent,
1366 1225 1451 1277 se
1484 1206 1730 1296 copias
1760 1204 2209 1288 dimissuros,
2263 1204 2580 1276 domum-

564 1328 703 1403 que
755 1307 1104 1377 redeundi
1158 1309 1436 1377 veniam
1469 1303 1801 1375 militibus
1828 1324 2346 1376 concessuros:
2401 1303 2581 1375 mul-

563 1406 790 1479 titudo
830 1405 1258 1478 colonorum
1311 1427 1454 1476 uno
1508 1425 1868 1476 consensu
1930 1403 2253 1490 exsilire,
2305 1414 2582 1498 optare,

565 1516 647 1578 ut
709 1530 1058 1600 nunquam
1127 1507 1446 1577 secunda
1513 1506 1790 1577 fortuna
1859 1513 2219 1590 uteretur,
2302 1507 2420 1599 qui
2485 1527 2585 1578 eo

565 1604 735 1678 loco
790 1606 1055 1688 diutius
1104 1604 1439 1692 haereret,
1492 1627 1579 1676 se
1631 1608 1892 1675 invitos
1943 1608 2015 1675 in
2064 1603 2244 1676 hanc
2283 1607 2584 1699 expedi-

566 1705 831 1779 tionem
898 1706 1051 1777 isse
1102 1706 1366 1780 dicere.
1497 1703 1962 1777 Hortantibns
2018 1703 2432 1798 Norvegis,
2504 1719 2587 1780 nt

572 1816 1080 1900 exspectarent
1132 1827 1542 1898 moramque
1595 1826 1805 1899 aequo
1835 1808 2065 1876 animo
2093 1805 2388 1894 ferrent,
2441 1828 2586 1880 neu

567 1910 774 1998 regis
824 1905 1013 1978 haud
1070 1905 1284 1978 dubie
1337 1905 1541 1976 brevi
1572 1906 1939 1977 adventuri
1951 1909 2158 1998 Jussa
2190 1910 2383 1979 irrita
2416 1910 2584 1980 red·

573 2007 851 2093 derent,
901 2007 1088 2078 Dani
1138 2005 1639 2094 acclamabant,
1688 2005 2078 2099 Norvegos
2118 2018 2445 2102 quantum
2501 2008 2586 2080 li-

569 2106 784 2182 beret
832 2112 1177 2201 temporis
1229 2107 1355 2179 illo
1406 2118 1615 2201 septo
1668 2105 1988 2178 inclusos
2025 2106 2209 2178 fame
2241 2115 2585 2182 macerari

564 2206 924 2300 jubentes.
1039 2206 1224 2278 Post
1276 2208 1432 2279 haec
1486 2212 1715 2301 copiae
1767 2206 2018 2294 dilabi,
2096 2230 2348 2280 omnes
2398 2209 2587 2282 Dani

573 2303 764 2377 velis
810 2304 1126 2402 ‘sublatis
1193 2329 1363 2379 suas
1426 2311 1731 2402 quisque
1803 2308 2056 2380 domos
2122 2309 2366 2396 avehi3
2442 2333 2587 2406 quo

577 2408 879 2501 quisque
932 2406 1244 2478 celerius
1298 2409 1579 2478 domum
1634 2412 2038 2495 reveniret,
2109 2432 2201 2481 eo
2254 2410 2391 2480 sibi
2444 2434 2589 2483 ma·

576 2509 695 2596 gis
760 2506 1074 2601 placere.
1205 2507 1306 2579 Ut
1370 2528 1551 2580 vero
1620 2512 1914 2603 primum
1989 2509 2283 2604 dilapsae
2358 2517 2590 2605 copiae

578 2616 814 2693 erant,
863 2628 998 2677 rex
1047 2606 1332 2680 Kuutus
1381 2610 1448 2678 in
1501 2605 2004 2702 Limatjordum
2056 2615 2287 2700 venit,
2350 2611 2591 2686 classe

574 2704 988 2799 Norvegiea
1043 2711 1249 2780 etiam
1303 2718 1445 2780 tnm
1504 2731 1596 2781 eo
1651 2710 1812 2781 loco
1845 2720 2190 2782 manente.
2293 2712 2435 2803 Qui
2471 2735 2590 2785 re·

580 2826 745 2898 gem
798 2809 1151 2880 adeuntes
1202 2831 1473 2881 summa
1525 2815 1855 2885 comitate
1908 2810 2321 2883 salutarunt.
2399 2812 2589 2901 Rex,

579 2904 809 2978 Danis
861 2906 1334 2979 vehementer
1361 2915 1607 2998 iratus,
1658 2912 1846 3007 quod
1888 2912 2417 3007 expeditionem
2446 2915 2591 2985 dis·

580 3003 1009 3091 solvissent,
1072 3010 1180 3075 sic
1230 3007 1517 3078 locutus
1571 3021 1718 3082 est:
1795 3035 1979 3084 nunc
2031 3013 2254 3100 Dani,
2322 3026 2403 3085 ut
2451 3035 2591 3087 sae-

578 3105 776 3275 giuS,
855 3125 992 3196 qua
1042 3104 1184 3174 tide
1237 3109 1401 3190 sint,
1453 3109 1957 3196 ostenderunt,
2025 3114 2592 3210 quandocunque

634 3215 725 3273 oc
774 3202 1183 3295 rependere
1235 3226 1641 3297 possumus.
1746 3207 1947 3297 Rex,
1998 3217 2321 3305 quamvis
2367 3214 2593 3285 vehe-

582 3305 798 3374 menti
850 3304 956 3374 ira
1001 3305 1365 3396 incensus,
1416 3314 1651 3377 tamen
1704 3308 1950 3381 verbis
2005 3309 2190 3384 bene
2242 3323 2592 3409 tempera·

581 3405 709 3489 vit,
760 3403 952 3497 qnod
1006 3404 1249 3476 facere
1300 3426 1591 3499 semper
1644 3415 2041 3498 consvevit,
2095 3416 2232 3485 etsi
2280 3416 2594 3486 interve·

583 3506 815 3573 nitent
863 3524 1008 3589 res,
1059 3526 1222 3599 quae
1275 3508 1344 3576 ei
1396 3511 1787 3600 impensius
1821 3511 2303 3605 displicerent.
2404 3514 2594 3586 Nor·

434 3655 443 3666 .
581 3601 753 3692 vegi
803 3621 1091 3694 operam
1142 3627 1340 3676 suam
1392 3611 1551 3700 regi
1605 3609 2034 3697 obtulerunt,
2087 3633 2228 3706 quo
2280 3616 2416 3706 ipsi
2446 3614 2597 3707 pla·
2697 3677 2698 3684 ,

584 3710 791 3772 eeret
837 3722 925 3773 se
976 3706 1207 3775 ituros
1255 3706 1570 3798 polliciti.
1673 3710 1995 3803 Quorum
2048 3711 2289 3782 studio
2343 3723 2418 3785 et
2456 3717 2597 3785 vir·

472 3841 484 3850 -
583 3809 739 3872 tute
789 3800 1212 3890 collaudata,
1261 3809 1598 3903 quodque
1651 3812 1910 3881 domini
1960 3831 2046 3881 ac
2094 3813 2434 3904 principis
2479 3815 2596 3882 sui

576 3901 784 3992 jussa
834 3922 993 3972 cum
1046 3901 1188 3974 lide
1236 3913 1707 3994 servassent,
1764 3907 2042 3979 domum
2095 3929 2229 3980 eos
2279 3913 2353 3979 in
2405 3908 2597 3980 Nor·

584 4002 864 4091 vegiam
932 4002 1174 4074 redire
1225 4025 1356 4077 rex
1398 4009 1658 4099 jussit,
1725 4011 2208 4104 ingentesque
2271 4030 2408 4103 pro
2470 4009 2595 4082 ad·

586 4108 807 4194 ventu
858 4122 1106 4174 eorum
1159 4106 1425 4196 'gratias
1477 4108 1676 4198 egit„
1713 4106 2013 4195 addens,
2061 4130 2149 4181 se
2199 4108 2596 4207 uanosque
