2950 4684
608 311 729 398 ω
1121 336 1216 380 Μ·
1265 328 1580 381 mnatre
1621 329 2103 379 sentiremus.
2304 323 2379 388 c,
2403 322 2633 389 2849.

546 562 547 565 ¹
613 522 1053 606 lentissimis,
1088 518 1539 611 diripuerint.
1644 514 1776 586 Cui
1829 512 2120 585 rexz-id
2173 510 2299 583 tihi
2353 510 2633 585 consilii

620 623 740 708 do,
808 623 1064 715 inquit,
1148 640 1298 693 rem
1362 627 1438 688 ut
1507 619 1577 686 in
1640 617 2177 709 praesentiarum
2250 615 2636 707 quiescere

615 726 849 810 sinas;
902 742 1044 813 ego
1079 735 1256 800 vero
1282 721 1547 789 mittam
1591 718 1678 791 ad
1708 713 2300 800 Strutharaldnm,
2351 715 2416 784 si
2446 711 2635 785 forte

616 823 792 897 velit
841 843 977 915 pro
1022 819 1187 897 filiis
1240 822 1397 899 suis
1444 814 1752 912 pecnnia
1781 814 2201 891 satisfacere
2239 817 2356 900 ita,
2387 823 2487 884 -ut
2529 816 2635 883 in-

621 925 899 997 demnis
948 925 1079 1007 sis,
1140 923 1399 1014 in-qua
1428 918 1941 991 ,satisfactione
1993 915 2117 987 tihi
2169 918 2636 1009 acquiescen-

622 1027 787 1096 dum
838 1025 993 1094 crit.
1097 1020 1233 1093 His
1262 1024 1458 1095 -actis
1513 1020 1796 1093 domum
1847 1018 2034 1088 redit
2069 1016 2448 1103 Vesetius3
2499 1036 2636 1085 rex

620 1147 802 1213 vero
846 1123 1079 1194 Svein
1132 1119 1492 1215 extemplo
1547 1120 1636 1190 ad
1668 1117 2048 1191 Haraldum
2083 1118 2452 1210 dynasta-m
2484 1118 2637 1187 mit·

621 1229 723 1312 tit,
774 1235 851 1297 ut
902 1224 991 1293 ad
1042 1244 1127 1292 se
1180 1224 1432 1295 veniat.
1545 1221 1870 1313 Dynasta
1921 1219 2436 1311 prosectionem
2492 1238 2635 1288 non

621 1323 1211 1402 intermittendam
1244 1333 1462 1406 ratus,
1516 1325 1623 1392 ire
1676 1324 1934 1414 pergit,
1991 1320 2220 1401 donec
2267 1319 2353 1389 ad
2389 1338 2637 1409 regem

626 1427 971 1521 pervenit.
1074 1424 1445 1516 Excipitur
1501 1421 1924 1508 liberalitem
1996 1441 2132 1493 rex
2180 1418 2637 1493 ah-Haraldo

627 1528 927 1620 dynasta
966 1527 1240 1618 quaerit,
1290 1546 1379 1598 an
1417 1526 1600 1597 sciat
1639 1543 1780 1616 quo
1820 1523 2071 1593 damno
2113 1520 2235 1599 filii
2251 1522 2371 1592 sni
2401 1519 2637 1590 Vese-

625 1631 792 1701 tium
844 1625 1273 1712 adfecerint3
1352 1622 1481 1694 ille
1546 1645 1631 1701 se
1687 1623 1867 1693 haud
1919 1624 2100 1692 satis
2150 1624 2341 1695 scire
2394 1629 2637 1690 osten-

629 1729 746 1799 dit.
822 1725 1032 1798 -Rex
1089 1728 1158 1796 ei
1219 1725 1513 1811 indicat,
1595 1745 1730 1793 eos
1780 1723 2121 1816 praedium
2176 1725 2366 1814 ejuS,
2448 1720 2639 1814 quod

625 1830 996 1903 maximum
1050 1834 1276 1911 esset,
1314 1826 1745 1920 diripuisse3
1809 1834 1992 1909 orat,
2044 1835 2122 1893 ut
2168 1846 2299 1916 pro
2357 1824 2463 1893 eis
2514 1842 2640 1914 pe-

629 1933 835 2009 cnnia
885 1925 1301 2014 satisfaciat3
1355 1930 1450 1997 ita
1500 1946 1651 1997 rem
1707 1923 1986 2017 placide
2040 1926 2363 2016 componi
2401 1942 2641 2015 posse.

627 2031 955 2125 Dynasta
992 2049 1353 2122 reponens
1384 2036 1600 2118 negat
1630 2047 1717 2097 se
1759 2025 1992 2097 adhuc
2025 2022 2452 2099 conciliasse
2485 2043 2641 2094 eam

629 2134 1036 2225 pecuniam,
1101 2151 1236 2222 qua
1289 2127 1788 2205 satisfacturus
1836 2130 1931 2198 sit
1983 2148 2111 2219 pro
2164 2123 2644 2199 adolescenti-

628 2230 806 2315 huS,
885 2232 948 2301 si
1012 2229 1248 2300 boves
1315 2241 1435 2318 aut
1497 2232 1702 2299 oves'
1738 2226 1827 2297 ad
1881 2228 2315 2316 vescendum
2371 2226 2643 2318 rapuis-

630 2339 814 2402 sent.
925 2328 1092 2401 Rex
1111 2353 1133 2397 :—
1208 2331 1447 2422 itaque
1495 2347 1702 2401 „nunc
1770 2349 1850 2396 re
1902 2330 2012 2397 sic
2061 2337 2461 2420 comparata
2514 2325 2646 2397 do-

633 2453 818 2505 mum
872 2430 1142 2515 redito,
1193 2431 1449 2523 inquit,
1530 2449 1754 2498 nicam
1823 2427 1944 2499 tibi
2001 2430 2145 2520 jam
2211 2426 2643 2501 voluntatem

635 2534 914 2623 aperui3
966 2539 1192 2600 restat
1242 2540 1320 2600 ut
1368 2531 1785 2601 admoneam
1837 2539 1935 2612 te,
1989 2529 2240 2611 uttibi
2278 2527 2645 2621 rebusque

632 2633 778 2704 tuis
806 2652 850 2701 a
877 2629 1043 2701 filiis
1069 2630 1349 2705 Vesetii
1385 2651 1688 2718 caveas3
1742 2632 1898 2724 ipse
1932 2650 2043 2700 me
2083 2628 2390 2723 posthac
2423 2626 2644 2699 haud-

636 2753 982 2828 quaquam
1014 2734 1472 2825 interponam,
1525 2732 1871 2824 siqnidem
1919 2730 2243 2817 consilio,
2298 2730 2494 2824 quod
2519 2728 2644 2799 tibi

639 2834 830 2919 dedi,
883 2837 982 2905 uti
1033 2854 1174 2905 non
1225 2835 1367 2919 vie,
1434 2832 1652 2927 idque
1719 2832 1949 2903 solum
2015 2834 2383 2925 seque-ris,
2453 2830 2645 2925 quod

635 2933 759 3004 tibi
795 2933 1092 3027 placeat,
1146 2933 1335 3027 quod
1390 2932 1791 3005 inconsulte
1842 2932 2097 3004 factum
2153 2935 2424 3025 opinor.
2505 2929 2646 3001 Ha-

620 3032 887 3118 ¹raldus
938 3035 1237 3125 dynasta
1289 3033 1706 3127 respondet,
1774 3034 1843 3102 id
1899 3055 2034 3104 suo
2087 3031 2416 3126 periculo
2464 3030 2648 3118 fore,

637 3154 875 3228 neque
925 3155 1008 3204 se
1063 3133 1264 3204 hanc.
1293 3154 1444 3203 rem
1501 3136 1659 3224 ejus
1702 3155 1891 3204 curae
1927 3134 2440 3206 mandaturum:
2496 3143 2650 3203 ete-

640 3237 776 3307 nim
831 3234 1050 3325 longe
1103 3233 1372 3319 absum,
1422 3244 1503 3305 ut
1553 3256 1593 3304 a
1627 3233 1930 3305 Vesetio
1968 3238 2268 3330 eJusque
2307 3234 2470 3307 filiis
2499 3254 2647 3303 me·

638 3345 846 3409 tuam.
948 3334 1078 3405 His
1116 3338 1305 3414 ,actis
1344 3331 1697 3406 Haraldns
1752 3335 2052 3427 dynasta
2107 3336 2389 3409 domum
2440 3334 2650 3418 redit,

641 3439 709 3506 in
764 3439 968 3529 cujus
1019 3438 1275 3510 itinere
1326 3434 1789 3519 memorabile
1852 3437 2227 3534 quidquam
2293 3436 2651 3507 accidisse

642 3539 1004 3609 memoriae
1060 3559 1198 3607 non
1254 3543 1369 3608 θεῖ
1419 3537 1785 3630 proditum.
2213 3586 2218 3593 ·

845 3635 963 3708 29.
1063 3637 1181 3707 Ab
1232 3637 1344 3708 his
1395 3640 1715 3729 proxime
1753 3636 2233 3721 referendum,
2287 3637 2477 3731 quod
2504 3634 2653 3705 Ve-

645 3740 874 3810 setius
925 3736 1189 3831 filiique
1254 3738 1432 3811 fama
1503 3746 1984 3832 cognoscunt,
2065 3737 2239 3830 quid,
2297 3735 2655 3819 Haraldns

647 3839 947 3931 dynasta
1001 3849 1076 3909 et
1127 3860 1258 3911 rex
1310 3839 1535 3911 Svein
1585 3843 1770 3913 inter
1835 3857 1922 3908 se
1989 3836 2327 3921 collocuti
2383 3848 2656 3922 essent,

648 3960 852 4034 quem
909 3941 1168 4010 exitum
1220 3938 1652 4035 colloquium
1703 3960 1945 4010 eorum
1997 3937 2408 4026 habuisset,
2462 3957 2655 4032 qnae·

646 4060 788 4132 que
842 4039 1064 4115 verba
1115 4041 1413 4133 dynasta
1482 4040 1569 4111 ab
1636 4061 1815 4131 rege
1870 4039 2285 4133 digrediens
2336 4040 2659 4112 fecisset.

642 4135 890 4232 ltaque
925 4139 1041 4209 filii
1077 4140 1380 4235 Vesetii,
1435 4140 1600 4233 quid
1651 4141 2048 4212 faciendum
2068 4143 2194 4226 sit,
2250 4140 2660 4213 deliberare
