2950 4684
556 278 741 368 ’182
1086 303 1456 354 urs-ronta
1513 263 2031 353 xnurmtnwm.
2261 301 2336 364 c,
2371 301 2484 365 11-
2498 289 2574 364 1²2

556 491 838 561 versari
889 490 958 559 ei
1009 486 1098 559 ab
1150 486 1291 559 hoc
1331 497 1654 580 tempore
1689 508 1829 555 non
1865 485 2131 572 licebit,
2182 490 2247 558 si
2299 492 2571 560 rescie-

557 592 698 660 rint
745 586 1040 672 incolae,
1109 596 1181 658 te
1234 591 1396 680 eJ‘us
1448 608 1669 679 opera
1724 586 2110 679 effugisse,
2178 589 2570 680 quomodo-

559 710 843 783 cunque
911 691 1069 781 ipse
1133 697 1386 779 potero
1444 685 1827 780 periculum
1896 684 2240 778 effugere.
2343 687 2574 760 Ulvus

562 789 862 880 dynasta
912 786 1269 906 pollicitus
1324 796 1459 873 est,
1511 808 1597 857 se
1648 786 2034 870 iacturum,
2087 795 2164 856 ut
2215 785 2572 860 Gudinius
2635 795 2640 802 ’

559 891 748 960 inter
797 891 1044 981 regios
1074 885 1429 959 satellites
1475 890 1939 987 reciperetur.
2014 837 2192 955 ⁹Erat
2216 885 2574 960 Gudinius

550 988 785 1060 forma
850 986 1236 1058 excellenti
1317 1007 1591 1079 oreque
1660 971 1953 1057 diserto.
2073 983 2572 1057 patrifamilias

560 1108 820 1159 nomen
882 1096 1037 1158 erat
1101 1085 1452 1157 Ulvnado.
1571 1084 1772 1156 Puer
1842 1094 1913 1156 et
1977 1084 2211 1156 Ulvus
2275 1086 2573 1179 dynasta

559 1206 694 1281 per
755 1196 969 1258 totam
1037 1188 1530 1279 insequentem
1598 1193 1879 1255 noctem
1936 1188 2136 1278 equis
2188 1184 2571 1274 vehuntnr3

560 1306 770 1357 mane
822 1289 1179 1379 proximo,
1243 1284 1359 1355 ubi
1410 1283 1777 1373 illuxerat,
1842 1288 2136 1356 veniunt
2195 1281 2282 1356 ad
2348 1288 2573 1359 naves

561 1384 782 1458 Knuti
834 1388 1053 1478 regis,
1104 1384 1440 1457 militibus
1492 1387 1563 1456 in
1614 1395 1803 1457 terra
1857 1385 2321 1457 versantibus.
2403 1385 2571 1476 Qui,

563 1495 959 1578 conspecto
1023 1488 1407 1579 agnitoque
1478 1486 1810 1576 dynasta,
1879 1487 2191 1556 universi
2254 1487 2343 1556 ad
2410 1507 2571 1557 eum

564 1586 930 1666 confluere
983 1596 1055 1656 et
1104 1585 1458 1671 salutare,
1531 1606 1690 1655 eum
1757 1587 1959 1678 quasi
2013 1584 2100 1654 ab
2155 1584 2404 1657 inseris
2455 1607 2572 1656 re-

560 1695 969 1779 cuperatum
1025 1687 1471 1755 existimare:
1544 1696 1805 1757 tantum
1860 1688 2044 1754 enim
2098 1689 2323 1778 gratia
2374 1685 2572 1757 vale-

564 1786 704 1872 bat,
752 1796 828 1857 ut
874 1787 1107 1857 cuncti
1140 1806 1297 1855 eum
1331 1788 1617 1856 sincero
1648 1787 1878 1855 animo
1913 1785 2310 1877 diligerent.
2390 1783 2569 1856 Tum

566 1889 860 1980 primum
913 1888 1183 1957 sentire
1237 1884 1632 1971 Gudinius,
1703 1887 1818 1956 eui
1874 1907 1960 1955 se
2013 1888 2338 1956 comitem
2392 1908 2573 1978 prae-

562 1986 862 2058 buisset.
961 1985 1286 2079 Dynasta
1341 1984 1720 2057 Gudinium
1773 1987 1843 2054 in
1898 1984 2094 2056 celsa
2146 1987 2328 2056 sede
2372 1988 2575 2077 juxta

562 2108 651 2158 se
703 2085 1106 2172 collocavit,
1158 2106 1462 2180 eumque
1517 2096 1839 2180 tanquam
1893 2107 1978 2156 se
2031 2088 2258 2177 ipsum
2292 2095 2414 2156 aut
2443 2084 2574 2156 fili·

564 2209 683 2257 um
734 2207 942 2257 suum
995 2184 1270 2272 hahuit3
1323 2196 1560 2280 atque,
1615 2194 1869 2257 utrem
1913 2188 2054 2256 cito
2088 2187 2574 2278 expediamuS,

568 2284 865 2377 dynasta
921 2288 990 2355 ei
1041 2284 1323 2378 Gydam
1374 2306 1700 2355 sororem
1754 2306 1949 2355 suam
2017 2295 2299 2378 nuptum
2357 2287 2576 2371 dedit,

564 2383 968 2478 factumque
1021 2394 1157 2469 est,
1209 2383 1732 2455 administrante
1785 2394 1859 2454 et
1910 2395 2334 2478 procurante
2380 2384 2573 2457 Ulvo

565 2484 888 2576 dynasta,
942 2492 1021 2555 ut
1068 2505 1203 2556 rex
1256 2483 1562 2570 Knutus,
1614 2483 1783 2557 Ulvi
1836 2486 2162 2577 dynastae
2204 2486 2433 2557 affinis
2460 2488 2574 2558 sui

565 2585 814 2676 gratia,
866 2582 1248 2655 Gudinium
1286 2586 1611 2677 dynastae
1654 2586 1995 2677 dignitate
2028 2596 2333 2658 ornaret.
2412 2583 2575 2657 Filii

566 2683 860 2756 Gudinii
931 2694 1005 2754 et
1068 2683 1308 2777 Gydae
1368 2685 1691 2757 fuerunt:
1761 2684 2116 2756 Haraldus
2177 2684 2573 2779 Anglorum

564 2805 699 2856 rex
778 2794 852 2856 et
911 2780 1210 2856 Tostius
1276 2785 1611 2878 dynasta,
1697 2786 1931 2857 dictus
1995 2784 2213 2856 Hasta
2278 2783 2575 2878 Lignea,

563 2883 1030 2956 Morokarius
1083 2885 1417 2977 dynasta,
1483 2883 1912 2977 Valthjtivus
1965 2887 2298 2977 dynasta,
2351 2884 2575 2958 Svein

569 2982 887 3074 dynasta.
988 2983 1103 3052 Ex
1158 2987 1264 3054 eis
1316 2983 1511 3056 multi
1564 2988 1634 3053 in
1678 2985 1958 3074 Anglia,
2011 2985 2263 3073 Dania,
2311 2985 2575 3058 Svecia

564 3102 940 3175 regnoque
996 3080 1398 3154 Gardorum
1448 3085 1581 3155 viri
1632 3083 2040 3176 amplissimi
2093 3087 2574 3176 descendunt3

565 3180 735 3252 inde
819 3184 1043 3274 regiae
1120 3182 1402 3253 familiae
1479 3185 1548 3251 in
1630 3189 1858 3276 regno
1944 3185 2305 3257 Danorum
2376 3198 2574 3259 ortae.

568 3279 785 3373 Gyda
859 3303 1116 3353 nomen
1198 3293 1350 3360 erat
1430 3283 1596 3355 filiae
1661 3287 1859 3376 regis
1929 3284 2217 3357 Haraldi
2284 3287 2575 3360 Gudinii

565 3378 726 3469 filii3
780 3381 960 3453 hanc
1010 3386 1079 3453 in
1133 3386 1573 3456 matrimonio
1606 3383 2279 3474 habuitValdemar,
2332 3386 2574 3458 Holm-

566 3481 770 3572 gardi
822 3503 988 3553 rex.
1061 3504 1308 3555 eorum
1359 3483 1547 3556 filius
1603 3495 1757 3558 erat
1807 3508 1940 3556 rex
1993 3486 2387 3575 HaralduS,
2455 3491 2575 3582 qui

568 3580 750 3652 duas
802 3580 986 3653 filias
1037 3581 1302 3670 hahuit,
1354 3607 1646 3679 quarum
1700 3587 1878 3657 infra
1927 3591 2189 3658 mentio
2243 3587 2385 3659 fiet.

1238 3684 1359 3756 De
1408 3708 1585 3781 reqe
1642 3686 1904 3758 chta

770 3779 887 3851 12.
1004 3781 1173 3855 Rex
1252 3783 1538 3857 Knutus
1618 3786 1915 3857 alterum
2001 3784 2322 3878 proelium
2402 3785 2575 3857 fecit

565 3900 795 3973 prope
864 3884 1229 3975 oppidum,
1297 3882 1817 3958 Brandsurdam
1884 3885 2161 3957 dictum.
2281 3883 2417 3954 Hic
2469 3887 2572 3954 in-

565 3982 766 4072 genti
813 4004 1051 4076 pugna
1099 3988 1477 4059 commissa
1527 4008 1660 4058 rex
1708 3982 1991 4057 Knutus
2026 3987 2254 4058 victor
2299 3984 2573 4058 disces-
