2950 4684
346 335 421 396 o.
464 332 599 398 122,
887 335 1252 385 nrsronrn
1308 330 1829 409 unumunurn
2186 303 2365 397 849

345 545 485 596 nec
534 542 677 594 non
730 517 1317 593 excellentissimi
1383 521 1650 613 quique
1717 516 2108 591 Reensium
2128 570 2150 605 ,
2237 523 2357 615 qni

341 633 579 697 semet
628 626 830 716 ipsos
884 632 959 693 et
1008 622 1420 712 regionem,
1504 640 1710 715 quam
1773 618 2218 705 incolebant,
2288 624 2358 692 in

342 734 769 819 potestatem
822 724 1023 815 regis
1051 718 1508 795 Valdemaris
1543 720 2000 805 tradiderunt,
2053 723 2357 815 ejusque

340 825 673 911 arbitrio,
762 821 1093 919 quicquid
1168 842 1259 893 eo
1311 820 1467 892 fieri
1519 819 1784 907 vellet,
1862 825 2356 914 permiserunt.

340 926 798 1019 Religionem
866 922 1313 995 christianam
1385 920 1719 1016 amplecti
1789 923 1972 1014 jussi
2052 922 2357 1016 (pagana

344 1031 531 1098 enim
583 1024 843 1119 religio
895 1023 1010 1095 his
1063 1022 1245 1095 locis
1297 1021 1716 1109 invaluerat,
1772 1044 1867 1093 ex
1918 1046 2062 1117 quo
2098 1044 2140 1095 a
2176 1045 2357 1118 rege

341 1127 589 1199 Eiriko
643 1126 981 1211 Emunio,
1059 1126 1177 1219 qui
1240 1144 1480 1196 arcem
1532 1122 1933 1211 Arcenam„
2013 1134 2091 1197 ut
2139 1146 2358 1218 supra
2470 1170 2494 1193 ,

344 1230 607 1301 dictum
662 1236 809 1311 est,
879 1235 1454 1319 expugnaverat,
1506 1224 1857 1318 baptismo
1910 1223 2187 1297 lustrati
2238 1248 2355 1296 re·

241 1328 244 1331 ’
344 1329 685 1423 ligionem
736 1327 1184 1399 christianam
1237 1327 1694 1419 rejecerant),
1746 1328 1944 1417 regis
2000 1330 2354 1420 episcopi·

345 1453 486 1526 que
538 1426 925 1500 Absalonis
975 1429 1311 1521 imperata
1363 1447 1451 1499 se
1503 1424 1814 1498 libenter
1846 1425 2166 1499 facturos
2201 1426 2353 1521 pol·

347 1530 520 1604 liciti
586 1539 771 1601 sunt.
886 1526 1110 1619 Igitur
1159 1549 1298 1599 rex
1350 1527 1647 1599 Senium
1698 1527 1910 1613 Ebbii
1960 1526 2177 1599 filium
2227 1527 2351 1599 ali-

348 1640 524 1726 quot
587 1633 766 1702 viris
830 1631 1230 1701 comitatum
1307 1628 1590 1721 ingredi
1656 1650 1894 1700 arcem
1963 1629 2354 1716 Arcenam,

347 1731 725 1825 fanumque
778 1751 871 1802 eo
923 1728 1088 1802 loco
1140 1734 1356 1803 situm
1403 1732 1706 1815 intrare,
1755 1729 2061 1815 idolum,
2124 1728 2352 1802 Svan-

347 1836 534 1905 teviz
587 1833 885 1918 dictum,
965 1832 1352 1903 concidere
1424 1840 1500 1901 et
1551 1852 1646 1901 ex
1711 1851 1879 1902 arce
1946 1829 2354 1918 extrahere,

349 1932 723 2005 delubrum
776 1931 1104 2004 omnibus
1155 1931 1377 2002 rebus
1428 1933 1767 2023 pretiosis
1833 1931 2146 2024 spoliare
2202 1934 2351 2023 jus-

349 2038 480 2121 sit3
532 2054 687 2104 nam
739 2034 912 2103 iram
963 2031 1140 2101 idoli
1193 2034 1826 2123 pertimescentes,
1896 2033 2012 2125 qui
2064 2033 2134 2101 in
2183 2052 2353 2102 arce

319 2138 575 2220 erant,
625 2133 696 2203 id
752 2130 1135 2204 extrahere
1188 2135 1345 2202 ausi
1397 2153 1541 2202 non
1590 2139 1774 2202 sunt.
1890 2131 2356 2204 Accedentes

344 2241 585 2331 itaque
639 2231 863 2305 Svein
916 2232 1298 2326 episcopus
1351 2241 1426 2303 et
1477 2229 1744 2304 Senius
1794 2231 2006 2305 Ebbii
2041 2231 2229 2305 filius
2255 2236 2353 2305 si-

348 2336 731 2409 mulacrum
814 2332 1285 2418 exciderunt,
1396 2332 1714 2427 fuueque
1788 2333 1983 2406 collo
2051 2336 2355 2427 injecto,

348 2442 552 2532 ipsos
587 2434 929 2509 Reenses
969 2435 1044 2504 id
1097 2433 1481 2505 extrahere
1531 2445 1962 2526 coegerunt3
2015 2456 2159 2529 quo
2228 2457 2354 2506 ex-

349 2547 617 2622 tracto,
696 2556 949 2607 omnes
1015 2538 1270 2629 pagani
1332 2537 1599 2620 mirati,
1675 2536 1868 2629 qnod
1934 2538 2163 2630 ipsum
2215 2535 2354 2609 sihi

349 2646 557 2732 opem
610 2636 806 2708 ferre
857 2658 1001 2708 uon
1053 2638 1432 2728 potuisset,
1486 2638 1827 2706 minorem
1880 2639 1947 2705 ei
1997 2659 2203 2731 quam
2232 2660 2354 2716 anf

349 2749 468 2811 tea
519 2737 728 2810 fidem
793 2736 1211 2811 babuerunt,
1346 2734 1526 2807 Tum
1598 2734 1857 2807 milites
1918 2737 2356 2809 accedentes

350 2838 804 2912 simulacrum
890 2838 1431 2924 dissecuerunt,
1510 2838 2051 2931 segmentisque
2118 2839 2355 2931 ignem

351 2939 714 3013 lebetibus
763 2938 919 3009 suis
969 2937 1369 3031 subjectum
1418 2941 1894 3027 nutriverunt3
1946 2960 2089 3032 quo
2140 2938 2357 3025 facto,

349 3040 715 3123 ReenseS,
765 3058 852 3109 se
903 3038 1256 3132 deceptos
1307 3038 2127 3133 intelligentesspostea
2164 3039 2358 3113 nnlla

353 3144 425 3214 id
478 3138 833 3232 religione
884 3137 1276 3212 coluerunt.
1379 3139 1708 3216 Absalon
1757 3162 1936 3213 vero
1969 3144 2359 3235 episcopus

351 3244 723 3334 ceterique
775 3238 1020 3311 clerici
1073 3239 1410 3335 populum
1444 3241 1824 3315 christiana
1851 3241 2204 3333 religione
2231 3245 2357 3312 im·

195 3412 213 3427 x
349 3343 693 3428 buerunt,
768 3362 1055 3435 unoque
1107 3342 1224 3413 die
1277 3340 1603 3415 homines
1654 3341 1843 3413 mille
1898 3341 2360 3434 [quingentos
2476 3370 2481 3375 ·

349 3440 757 3536 sexagintal
811 3441 1282 3534 bapizarunt,
1331 3443 1645 3538 indeque
1697 3445 1792 3513 ita
1843 3442 2359 3527 discesserunt,

350 3559 429 3621 ut
477 3543 736 3617 incolae
805 3543 964 3633 regi
1018 3550 1094 3612 et
1160 3544 1506 3635 episcopo
1575 3541 1999 3637 obsequium
2063 3541 2358 3635 polliciti

352 3655 620 3718 essent.
721 3642 1037 3715 Postero
1089 3660 1296 3715 mane
1354 3663 1492 3713 rex
1554 3664 1714 3713 cum
1782 3644 1937 3717 suis
2000 3643 2089 3715 ad
2161 3646 2360 3736 oppi-

353 3748 544 3833 dum,
591 3743 1013 3817 Karenziam
1068 3743 1364 3830 dictum,
1418 3741 1821 3837 profectus,
1874 3765 1966 3817 eo
2020 3743 2184 3817 loco
2229 3747 2362 3819 tria

349 3846 730 3920 simulacra
782 3845 1015 3916 excidi
1057 3846 1313 3937 jussit,
1376 3865 1674 3939 quorum
1729 3847 2044 3941 nominat
2096 3844 2362 3930 Rinvit,

349 3945 667 4042 Turupid
726 3955 802 4033 et
846 3943 1167 4017 Puruvit.
1296 3943 1480 4038 Qnae
1532 3943 1722 4017 idola
1786 3955 1971 4016 tanta
2025 3944 2360 4042 miracula

356 4057 755 4141 patrarunt,
833 4055 951 4132 ut,
1028 4048 1092 4116 si
1161 4051 1323 4139 quis
1372 4046 1554 4118 intra
1606 4046 1937 4142 oppidum
1994 4067 2144 4116 rem
2198 4066 2355 4119 cum

429 4178 475 4244 ¹)
513 4195 806 4250 nongento·
836 4178 1036 4252 viginti,
1078 4178 1212 4246 0,·9,
1234 4178 1293 4231 V.
