2950 4684
562 264 742 355 8²6

932 485 1413 560 ALTERUM
1478 482 2207 569 FRAGMENTUM.

772 772 838 843 1.
939 734 1036 841 In
1118 769 1418 841 historia
1480 767 2042 860 Hamhurgensi,
2131 771 2335 860 cujus
2412 768 2585 841 libri

567 882 817 946 auctor
863 893 950 944 se
1003 869 1349 966 pleraque
1401 868 1496 941 de
1547 868 1768 940 rebus
1794 868 2087 941 Danicis
2141 878 2213 939 et
2243 866 2586 943 Svecicis

567 973 962 1046 secundum
1018 972 1439 1045 relationem
1493 961 1782 1041 Sveinis
1829 968 1999 1040 Ulvi
2063 968 2184 1039 filii
2253 975 2581 1042 conscri-

564 1078 810 1170 psisse
848 1073 1134 1160 fatetur,
1188 1073 1550 1143 memoriae
1606 1070 1955 1163 proditum
2011 1080 2146 1155 est,
2198 1073 2581 1164 imperato·

565 1195 718 1246 rem
772 1171 1110 1245 Ottonem
1164 1171 1462 1258 Rufum,
1531 1169 1858 1243 omnibus
1921 1173 2346 1263 provinciis,
2413 1194 2583 1266 quae

565 1284 735 1370 post
792 1289 1091 1346 mortem
1156 1274 1603 1367 imperatoris
1654 1269 1894 1342 Caroli
1945 1272 2194 1364 Magni
2247 1272 2587 1344 descive-

564 1386 743 1463 rant,
795 1378 1114 1469 receptis
1168 1384 1241 1445 et
1290 1373 1426 1445 sub
1480 1374 1843 1466 imperium
1895 1370 2247 1458 redactiS,
2300 1373 2583 1444 duode-

565 1479 751 1549 cimo
803 1478 1074 1570 imperii
1125 1477 1241 1546 sui
1290 1495 1472 1545 anno
1507 1476 1898 1544 exercitum
1936 1471 2293 1543 adversus
2325 1472 2585 1546 Danos

568 1578 884 1648 duxisse.
988 1574 1133 1666 Qui
1184 1598 1394 1668 quum
1459 1577 2039 1666 septemtrionem
2093 1594 2359 1645 versus
2407 1598 2579 1668 pro-

564 1676 840 1763 fectus,
892 1673 1302 1747 Slesvicum
1352 1683 1873 1767 praetervectus
1926 1682 2161 1759 essct,
2212 1695 2354 1768 quo
2406 1673 2584 1747 loco

564 1798 861 1871 regnum
915 1775 1167 1848 Daniae
1219 1777 1486 1868 incepit
1528 1774 1920 1845 secundum
1956 1776 2375 1846 divisionem
2429 1786 2579 1848 ter·-

564 1900 824 1965 rarum,
875 1899 1056 1973 pace
1108 1880 1291 1949 inter
1340 1886 1608 1970 patrem
1645 1875 2023 1946 Henricum
2076 1878 2581 1969 imperatorem

568 1989 644 2050 et
704 2000 955 2072 regem
1025 1978 1369 2051 Gonnum
1433 1977 1910 2049 Grandaevum
1982 1975 2167 2047 sacta
2232 1981 2577 2049 constitu-

566 2089 746 2166 tam,
831 2101 1251 2176 quacunque
1318 2082 1533 2164 isset,
1616 2099 1913 2169 regnum
1993 2080 2161 2169 igne
2230 2076 2577 2172 ferroque

563 2183 887 2267 vastavit,
937 2203 1165 2273 usque
1219 2202 1313 2250 eo
1342 2180 1576 2250 donec
1608 2182 1939 2272 pervenit
1969 2181 2039 2247 in
2069 2178 2325 2264 locum,
2377 2189 2583 2272 post·-

567 2302 655 2352 ea
715 2279 973 2351 fretum
1027 2277 1315 2351 Ottonis
1369 2279 1648 2349 dictum.
1748 2276 1924 2349 Inde
1993 2280 2354 2350 meridiem
2407 2301 2577 2350 ver-

564 2403 689 2452 sus
740 2401 1090 2453 reversus
1139 2402 1347 2475 quum
1403 2378 1807 2451 Slesvicum
1857 2383 2213 2464 venisset,
2264 2384 2583 2454 occurrit

568 2484 637 2552 ei
688 2480 1044 2553 Haraldus
1073 2480 1328 2553 Gormi
1380 2479 1586 2567 filius,
1638 2482 1778 2573 qui,
1830 2483 2212 2552 commisso
2266 2503 2422 2552 cum
2481 2503 2579 2554 eo

564 2581 841 2676 proelio,
892 2585 1123 2655 victus
1157 2583 1262 2662 ,ad
1315 2602 1539 2654 naves
1589 2580 1877 2672 refugit,
1927 2603 2068 2676 quo
2122 2580 2310 2653 facto
2363 2604 2451 2653 sc
2504 2587 2577 2653 in

562 2693 993 2778 potestatem
1057 2686 1506 2778 imperatoris
1572 2681 1860 2756 dedidit.
1963 2681 2075 2752 Ab
2141 2685 2577 2775 imperatore

565 2787 640 2856 in
692 2807 987 2878 regnum
1041 2788 1429 2870 restitutuS,
1481 2803 1567 2855 se
1621 2783 2035 2876 baptismum
2076 2782 2580 2872 admissurum,

565 2894 924 2981 totamque
975 2887 1270 2958 Daniam
1339 2885 1786 2959 christianam
1858 2884 2294 2955 redditurum
2366 2885 2579 2978 polli-

566 2988 750 3056 citus
827 2997 957 3058 est.
1072 2985 1296 3080 Igitur
1362 3007 1497 3056 rex
1560 2984 1949 3057 Haraldus2
1996 2983 2389 3077 baptizatus
2458 2996 2583 3058 est

565 3105 865 3156 unacum
918 3089 1227 3177 conjuge
1280 3108 1448 3172 sua,
1519 3089 1764 3176 regina
1818 3085 2216 3171 Gunnilda,
2284 3084 2577 3180 filioque

555 3188 869 3278 juvene,
938 3189 1053 3257 cui
1108 3189 1493 3280 imperator
1559 3189 1810 3277 patrini
1865 3185 2169 3257 officium
2223 3191 2581 3279 praestitit,

564 3283 1047 3381 Sveinemque
1101 3284 1438 3358 Ottonem
1503 3289 1899 3356 nominavit.
1999 3284 2178 3357 Tum
2242 3286 2438 3359 Jotia
2504 3291 2577 3358 in

563 3397 717 3459 tres
769 3382 1126 3462 dioeceses
1181 3387 1428 3474 divisa,
1479 3385 1936 3480 Adaldagus,
1988 3386 2578 3482 archiepiscopus

561 3485 1023 3572 BremensiS,
1092 3497 1242 3559 tres
1307 3492 1728 3583 episcopos,
1811 3491 2179 3561 institutis?
2211 3488 2578 3559 cathedris

565 3587 1094 3681 episcopalibus
1125 3588 1647 3682 ptoeficicndos,
1700 3592 2161 3681 inauguravit,
2188 3587 2576 3667 Rara-Idam

564 3686 1051 3775 slesvicensi,
1099 3686 1541 3783 Leivdagum
1594 3691 1931 3786 Ripensi,
1992 3688 2577 3781 Regium-andum

562 3788 962 3861 Arusiensi.
1040 3789 1203 3861 Rex
1235 3790 1588 3864 Haraldus
1625 3789 2075 3863 Caerulidens
2125 3789 2577 3884 religionem,

564 3891 795 3986 quoad
851 3894 1047 3978 vixit,
1101 3903 1512 3963 constanter
1561 3891 1799 3964 coluit.

767 3991 835 4064 2.
934 3991 1130 4064 Idem
1184 3991 1370 4063 liber
1438 4002 1813 4080 memorat,
1873 4012 2122 4086 regem
2187 3991 2574 4065 Haraldum

561 4090 775 4165 filium
826 4116 1073 4180 suum,
1139 4094 1419 4166 nomine
1471 4092 1819 4187 Ringum,
1894 4116 2048 4167 cum
2123 4095 2450 4166 exercitu
2502 4094 2575 4163 in
