2950 4684
615 312 792 402 m
1064 337 1163 386 »Β
1215 332 1524 384 naxon
1576 330 1872 381 nanum
1926 330 2155 379 ιηωο.
2469 324 2557 387 c,
2593 322 2659 387 6,

621 547 767 621 gno
820 541 1048 618 opere
1097 519 1437 606 laudare,
1517 519 1730 610 eique
1781 514 1871 609 ab
1921 511 2063 584 boc
2128 520 2456 606 tempore
2520 532 2657 582 cu·
2712 562 2723 579 .

619 648 768 699 ram
834 619 1360 694 administrandi
1432 626 1506 688 et
1555 614 1977 686 instituendi
2031 615 2275 706 operis
2344 610 2657 681 deman-

623 726 833 811 dare,
903 724 1262 813 missaque
1313 730 1621 789 tesserae
1673 714 1838 784 loco
1890 717 2157 783 manica
2210 713 2658 804 praecipere,

619 835 701 897 ut
748 826 973 919 primo
1024 840 1228 890 mane
1281 820 1588 889 crastino
1639 823 1804 885 ante
1856 822 2085 885 ortum
2135 810 2318 881 solis
2345 811 2436 880 ad
2473 833 2659 881 ser-

621 946 760 996 vos
815 924 1197 1005 devectuS,
1278 939 1420 1011 quo
1462 919 1613 987 -sim
1680 922 1883 984 antea
1935 912 2219 982 functus
2271 914 2658 1002 negotium

621 1024 1072 1095 administret.
1203 1016 1371 1109 Quo
1439 1015 1765 1102 man-dato
1836 1024 1958 1084 tuo
2027 1012 2119 1082 ad
2180 1031 2341 1081 eum
2394 1009 2657 1103 peria-

621 1133 737 1209 to,
800 1126 960 1215 ipse
1011 1119 1102 1191 ad
1152 1137 1415 1188 servos
1467 1115 1856 1198 devectus,
1936 1114 2095 1204 eJus
2146 1113 2372 1204 primo
2426 1132 2656 1181 mane

624 1225 937 1294 crastino
991 1220 1366 1290 adventum
1422 1219 1533 1286 eis
1581 1212 2093 1309 praenuntiabo,
2146 1222 2476 1305 tuamque
2508 1213 2654 1283 ad-

621 1320 780 1393 baec
831 1318 1301 1403 voluntatem,
1351 1329 1427 1390 ut
1478 1338 1638 1387 eum
1691 1317 1837 1406 igni
1886 1312 2335 1398 comburant,
2387 1334 2652 1406 quam·

621 1443 900 1517 cunque
951 1419 1244 1491 formam
1296 1426 1449 1488 arte
1495 1438 1626 1487 sua
1661 1417 1928 1506 magica
1961 1413 2405 1484 adsumserit.
2459 1411 2652 1503 Quo

622 1520 927 1593 consilio
978 1542 1019 1590 a
1074 1538 1253 1611 rege
1304 1516 1633 1610 probato,
1682 1514 1936 1585 artifex
1991 1514 2359 1599 discessit,
2412 1516 2648 1583 mani-

622 1641 920 1714 camque
972 1639 1267 1691 unacum
1313 1615 1618 1708 singuiis
1678 1614 2022 1686 mandatis
2086 1626 2296 1684 autea
2361 1634 2647 1686 memo-

620 1723 794 1792 ratis
848 1720 936 1790 ad
988 1717 1366 1810 Vigsusem
1420 1714 1742 1808 pertulit3
1796 1716 2221 1807 comparatis
2260 1714 2645 1809 extemplo

625 1822 871 1915 equis,
947 1820 1019 1889 in
1068 1816 1319 1889 siluam
1375 1816 1765 1901 devectuS,
1829 1818 2065 1886 servis
2117 1817 2470 1908 praecipit,
2557 1825 2646 1888 ut

621 1920 947 2015 opificem
997 1919 1277 1991 Danum
1330 1919 1656 2011 proximo
1696 1936 1898 1986 mane
1929 1918 2266 2001 crastino,
2318 1936 2640 2009 quacun-

622 2043 763 2117 que
831 2022 968 2093 sub
1035 2022 1284 2114 specie
1336 2026 1869 2102 occurrentem,
1945 2014 2375 2086 comburant.
2492 2015 2643 2087 Hic

617 2121 688 2193 V
689 2122 882 2214 igfus
931 2120 1223 2192 salutari
1273 2119 1375 2190 iili
1404 2118 1727 2204 consilio,
1755 2119 2050 2210 primum
2082 2138 2121 2186 a
2153 2137 2335 2209 rege
2356 2112 2639 2189 Sveine

622 2222 828 2307 dato,
916 2242 1007 2290 ne
1059 2220 1319 2290 homini
1370 2217 1617 2289 bumiii
1665 2228 1929 2289 statura
1997 2217 2360 2311 barbaque
2413 2215 2639 2290 rubra

619 2320 979 2405 crederet,
1031 2319 1217 2412 quod
1272 2322 1342 2389 in
1395 2318 1583 2388 hunc
1611 2320 1919 2389 nuntium
1949 2318 2272 2404 cadebat,
2323 2321 2635 2390 animum

620 2421 1003 2492 advertere
1056 2421 1295 2512 coepit3
1347 2417 1490 2488 boc
1542 2420 1725 2489 enim
1779 2428 2153 2512 utrumque
2193 2422 2260 2489 in
2288 2417 2637 2493 artificem

619 2519 1083 2614 congruebat,
1132 2521 1252 2612 qui
1305 2528 1379 2588 et
1431 2518 1672 2589 humili
1722 2526 1991 2589 statura
2045 2527 2117 2588 et
2169 2519 2380 2590 rubra
2408 2520 2634 2593 barba

618 2621 768 2694 suit.
869 2618 1051 2691 Hinc
1100 2628 1289 2689 tanta
1340 2619 1638 2690 affectus
1691 2632 1806 2688 est
1867 2620 2071 2688 animi
2122 2619 2633 2711 sollicitudine,

620 2730 700 2795 ut
746 2729 961 2794 totam
1012 2729 1292 2791 noctem
1361 2724 1755 2791 insomnem
1826 2718 2162 2804 duceret,
2240 2743 2451 2813 quum
2521 2726 2632 2793 iu-

619 2821 758 2895 fixa
812 2827 1044 2894 animo
1098 2822 1252 2913 ejus
1316 2829 1518 2893 esset
1585 2818 1861 2891 consilii
1928 2818 2358 2891 observandi
2426 2826 2630 2915 cogi-

619 2926 831 3011 tatio,
899 2922 1121 2995 altera
1171 2943 1349 2993 vero
1403 2943 1497 2992 ex
1550 2929 1749 3015 parte
1803 2919 2284 3014 periculosum
2337 2922 2630 2994 videre-

502 3055 508 3064 ·
619 3032 758 3108 tur,
811 3025 1009 3114 regis
1055 3025 1356 3115 imperio
1407 3042 1550 3092 uon
1602 3041 1877 3115 parere.
1980 3018 2060 3090 Id
2120 3022 2402 3092 tandem
2453 3045 2628 3094 con-

618 3120 759 3193 silii
809 3123 1022 3215 cepit,
1071 3131 1147 3191 ut
1196 3142 1282 3192 se
1334 3124 1564 3192 statim
1620 3125 1810 3193 circa
1859 3119 2104 3191 boram
2160 3123 2298 3194 diei
2350 3127 2630 3197 tertiam

619 3222 1239 3294 antemeridianam
1294 3243 1482 3316 equo
1534 3232 1787 3293 vectus
1837 3226 1907 3292 in
1935 3224 2113 3293 viam
2148 3223 2367 3294 daret,
2420 3223 2630 3298 Coelo

618 3323 755 3396 sub
809 3332 1035 3395 ortum
1086 3321 1264 3394 solis
1314 3322 1640 3411 rubente,
1690 3323 1779 3394 ad
1830 3326 2058 3395 vicum
2112 3322 2419 3418 aliquem
2469 3325 2628 3396 bel-

621 3422 841 3496 lulum
895 3425 1083 3497 sorte
1137 3424 1448 3513 devenit,
1500 3446 1708 3519 quem
1760 3435 1958 3495 recta
2007 3445 2141 3516 per
2174 3424 2477 3519 plateam
2509 3430 2628 3500 via

618 3527 1032 3618 ingressuS,
1106 3524 1193 3596 ab
1246 3524 1469 3598 altera
1513 3535 1713 3620 parte
1767 3536 2060 3619 propter
2109 3548 2380 3598 murum
2433 3527 2632 3600 audit

619 3628 906 3697 missam
960 3623 1236 3719 pulsata
1287 3648 1621 3722 campana
1670 3624 2072 3719 significari.
2207 3624 2434 3720 Igitur
2500 3627 2629 3699 de-

620 3727 838 3800 vertit
885 3726 976 3797 ad
1027 3725 1411 3813 sacellum,
1494 3748 1680 3822 equo
1748 3727 2145 3813 descendit,
2197 3727 2629 3821 ingrediturg

621 3829 1199 3920 circumspiciens
1275 3828 1767 3900 animadvertit
1837 3827 2287 3899 sacerdotem
2369 3851 2630 3923 magno

622 3935 811 4014 natu,
861 3927 1073 3999 valde
1125 3926 1366 4000 hebeti
1420 3927 1789 4001 oculorum
1840 3929 2011 3999 acie.
2115 3927 2257 4020 Qui
2306 3953 2521 4026 quum
2554 3933 2629 4001 iu

621 4028 1026 4121 perorando
1077 4029 1348 4102 tardior
1381 4039 1644 4117 esset,
1694 4027 1991 4122 Vigqu,
2039 4031 2317 4103 itineris
2364 4049 2628 4126 prope-

624 4127 820 4200 randi
872 4127 1212 4224 cupidus,
1291 4131 1355 4203 si
1407 4138 1843 4219 moraretur,
1894 4150 2239 4228 nunquam
2289 4153 2416 4221 se,
2482 4151 2629 4228 quo
