2950 4684
597 294 775 389 m
1049 327 1147 375 an
1201 325 1512 377 naxon
1564 325 1862 376 annun
1911 326 2144 375 rinno.
2452 321 2530 387 c.
2557 321 2622 386 8.

601 513 831 605 pavit,
899 520 978 584 nt
1027 510 1400 584 confestim
1455 509 1645 582 bunc
1694 508 2050 581 bominem
2103 512 2249 582 vita
2301 509 2622 604 spoliare

603 622 923 706 cuperet.
1030 610 1208 698 Sed,
1260 611 1426 682 Deo
1479 612 1790 702 benigne
1843 612 2398 697 administrante,
2447 616 2517 683 ci
2549 616 2622 683 in

604 721 911 784 mentem
963 716 1160 785 venit
1209 715 1492 784 tertium
1546 710 1861 782 salutare
1914 711 2289 782 consilinm
2341 733 2384 782 a
2435 733 2623 806 rege

605 811 879 884 Sveine
933 812 1192 898 datum,
1247 813 1437 908 quod
1492 814 1741 898 vetuit,
1799 832 1890 882 ne
1943 833 2152 906 quem
2204 811 2441 883 subito
2497 835 2623 885 cu-

601 914 913 1007 piditatis
979 916 1309 984 instinctu
1386 911 1843 984 interficeret.
1985 909 2211 1004 Igitur
2275 934 2319 983 a
2385 912 2620 1000 lecto,

603 1035 811 1106 qnam
862 1012 1282 1106 longissime
1331 1016 1513 1084 intra
1566 1013 1847 1084 domum
1900 1015 2163 1105 potnit,
2233 1012 2616 1100 abscessit,

600 1112 887 1208 ibique,
973 1113 1136 1184 dum
1199 1118 1688 1207 precationem
1767 1113 2182 1183 dominicam
2253 1116 2617 1198 recitaret,

606 1217 1010 1285 consistere
1062 1216 1414 1306 cogitavit.
1515 1212 1785 1284 Verum
1840 1235 1927 1284 ea
1976 1234 2102 1285 res
2141 1233 2283 1284 non
2317 1234 2618 1286 succes·

604 1316 729 1402 sit3
783 1335 979 1398 nam,
1046 1337 1256 1408 quum
1314 1317 1790 1407 precationem
1843 1316 2215 1399 recitarat,
2281 1316 2387 1384 ira
2453 1335 2615 1385 eum

606 1435 835 1509 prope
897 1413 989 1486 ad
1054 1419 1281 1507 ipsum
1341 1415 2028 1508 ‘lectumrapuerat
2163 1412 2298 1484 Ille
2360 1417 2616 1490 iterum

606 1515 872 1601 resilit,
936 1515 1120 1608 apud
1173 1518 1471 1586 animum
1524 1524 1885 1600 statuens,
1938 1517 2313 1609 quantovis
2364 1514 2618 1586 labore

606 1622 915 1700 constet,
968 1619 1258 1706 gratiam
1312 1620 1474 1687 vitae
1529 1619 1597 1686 in
1633 1615 1891 1708 Anglia
1927 1625 2235 1686 servatae
2266 1615 2414 1685 utili
2445 1636 2621 1686 con-

607 1711 773 1785 silio
831 1714 1288 1787 observando
1338 1717 1782 1811 rependere3
1836 1716 1972 1787 sed
2027 1736 2150 1787 res
2202 1716 2459 1786 eodem
2512 1724 2617 1787 at-

611 1835 754 1910 que
813 1824 1019 1886 antea
1085 1817 1299 1887 modo
1350 1817 1629 1889 cecidit.
1731 1814 1966 1907 Quum
2032 1837 2119 1887 se
2174 1820 2417 1887 tertio,
2453 1816 2618 1887 abs-

609 1919 987 2003 traxisset,
1085 1920 1376 1989 recitata
1427 1918 1883 2011 precatione,-
1970 1916 2057 1987 ad
2124 1915 2389 1988 lectum
2456 1937 2617 1988 cum

529 2106 533 2111 ᾗ
610 2017 953 2089 destricto
1007 2018 1245 2110 gladio
1298 2027 1670 2106 retractae,
1722 2021 1964 2089 crines
2006 2021 2317 2109 juvenis,
2358 2020 2477 2113 qni
2510 2015 2618 2087 nl-

606 2121 836 2190 tcrius
887 2121 954 2189 in
1009 2118 1201 2192 lecto
1255 2120 1531 2207 cubuit,
1582 2119 2086 2214 apprehendit,
2138 2128 2492 2212 caputque
2541 2120 2619 2187 in

603 2219 947 2312 spondam
980 2223 1355 2313 proripere
1384 2223 1745 2313 cogitavit.
1845 2219 2005 2290 Hoc
2038 2218 2344 2313 adpulsu
2363 2232 2617 2289 somno

606 2320 906 2390 excitata
959 2316 1783 2414 materfamilias,'qnum
1839 2321 2007 2413 quid
2058 2324 2166 2391 rei
2216 2329 2417 2391 esset
2444 2339 2615 2390 con-

604 2422 802 2490 tinno
853 2416 1316 2513 intelligeret,
1371 2421 1751 2492 exclamat:
1806 2419 1993 2492 filins
2028 2432 2297 2507 noster,
2349 2423 2437 2490 mi
2473 2418 2615 2490 Ha·

608 2519 783 2592 ken!
865 2521 1213 2614 inquiens,
1315 2521 1449 2594 llle
1502 2521 1810 2615 gladium
1865 2520 2118 2614 abjicit,
2185 2521 2423 2593 Deum
2477 2520 2616 2591 sibi

606 2623 983 2715 propitium
1053 2632 1408 2715 precatus.
1539 2621 1863 2714 Quorum
1929 2625 2357 2714 congressio
2424 2622 2614 2693 adeo

608 2721 1036 2818 exoptabilis
1090 2727 1335 2811 extitit,
1386 2734 1465 2796 nt
1515 2722 1758 2797 verbis
1812 2722 2125 2796 describi
2182 2722 2369 2794 haud
2399 2721 2613 2793 facile

608 2826 863 2917 possit3
928 2847 1084 2896 nam
1137 2823 1561 2913 beneficium
1616 2826 1946 2897 divinitus
1999 2844 2428 2894 concessum
2482 2843 2619 2894 eos

606 2934 683 2996 et
731 2927 939 2996 animi
992 2935 1067 2996 et
1117 2929 1444 3020 corporis
1495 2925 1862 3019 voluptate
1915 2923 2404 3019 perfundebat.
2483 2921 2617 2993 llla

601 3025 881 3110 retulit,
930 3046 1056 3111 se,
1107 3048 1251 3120 qno
1299 3036 1624 3121 tempore
1680 3026 1991 3118 digressi
2041 3023 2374 3110 fuissent,
2424 3023 2616 3096 bunc

600 3142 898 3217 puerum
952 3127 1022 3194 in
1077 3135 1285 3197 utero
1338 3138 1707 3219 gestasse3
1799 3146 1892 3196 ex
1954 3128 2067 3197 avi
2136 3128 2421 3196 nomine
2472 3123 2613 3195 Ha-

603 3222 851 3295 reknm
908 3228 1170 3296 vocari.
1272 3225 1465 3296 Dein
1529 3230 1716 3298 inter
1775 3247 1862 3296 se
1929 3221 2021 3297 de
2084 3224 2378 3297 alterius
2446 3246 2612 3297 snc-

603 3325 940 3399 cessibns
992 3334 1065 3398 et
1114 3327 1276 3399 vitae
1327 3347 1545 3398 cursu
1614 3326 2228 3421 percontabantur.
2345 3325 2453 3397 Ea
2510 3329 2616 3396 si-

601 3426 981 3519 gnificavit,
1041 3436 1392 3520 cognatos
1446 3437 1521 3499 et
1572 3426 1867 3500 sodales
1933 3430 2090 3521 ejus
2153 3435 2411 3498 tantam
2477 3426 2612 3498 sibi

600 3527 1095 3599 humanitatem
1150 3528 1608 3614 exhibuisse,
1671 3538 1782 3615 ut,
1839 3549 1935 3601 ex
1986 3549 2128 3621 quo
2183 3528 2396 3599 domo
2447 3549 2614 3621 pro·

602 3627 841 3700 sectus
891 3645 1135 3716 essct,
1201 3632 1508 3703 omnium
1563 3651 1801 3702 rerum
1853 3632 2094 3723 copia,
2172 3638 2311 3699 tam
2363 3628 2456 3698 ad
2507 3630 2613 3699 vi-

605 3737 791 3802 ctum
858 3731 1442 3824 comparandum,
1495 3753 1701 3827 quam
1750 3732 1837 3802 ad
1892 3728 2318 3801 reficiendas
2386 3727 2615 3814 aedes,

605 3827 1089 3903 abundaverit.
1210 3830 1346 3904 Ille
1410 3836 1699 3927 primam
1769 3834 2115 3904 orientem
2185 3827 2419 3901 lucem
2499 3831 2615 3899 sui

606 3932 901 4004 reducis
928 3931 1391 4026 splendorem
1422 3933 1656 4005 oculis
1686 3936 1844 4024 ejus
1872 3928 2351 4022 subjecturam
2370 3937 2616 4001 osten-

607 4032 728 4105 dit.
826 4032 1003 4105 Inde
1057 4033 1568 4128 digrediuntur.
1669 4031 1802 4102 llle
1853 4050 2201 4102 reversus
2245 4030 2334 4101 ad
2365 4049 2617 4116 naveS,

607 4131 918 4208 classem
969 4137 1040 4205 in
1092 4136 1390 4229 spatium
1443 4145 1762 4227 apertum
1817 4130 2030 4204 evebi
2063 4128 2288 4225 Jubct.
2390 4130 2616 4202 Mane
