2950 4684
574 264 751 353 878
1239 291 1767 341 runem-:urum
1823 293 1903 339 u.
2354 288 2430 350 c,
2458 287 2615 354 3-5.

571 474 819 549 raliter
871 485 1429 571 exceptus-est,
1507 475 1625 548 ubi
1707 477 1798 547 ad
1852 484 2148 546 mortem
2200 476 2425 547 Eiriki
2479 497 2604 547 re-
2658 481 2677 489 ⁶

571 579 685 671 gis
751 597 839 648 se
908 575 1330 649 continebat.
1455 576 1618 649 Rex
1701 574 1926 648 Svein
1995 576 2165 648 Ulvi
2234 576 2420 649 filius
2487 580 2605 649 sic

575 677 775 765 dixit,
825 676 1246 751 avunculum
1298 700 1529 764 suum,
1583 678 1773 772 quod
1823 699 2073 750 verum
2103 677 2341 748 Deum
2393 700 2433 749 a
2470 699 2598 770 pa·

576 789 688 850 tre
740 800 874 850 suo
926 777 1271 872 religiose
1322 778 1587 851 cultum
1644 780 2046 873 rejecisset,
2098 782 2390 851 meritas
2442 799 2596 871 μω·

580 901 712 952 nas
763 880 1078 951 dedisse.

778 979 850 1051 4.
949 979 1109 1052 Jam
1174 1003 1309 1052 rex
1372 982 1663 1053 Eirikus
1717 989 1791 1050 et
1849 977 2136 1050 Sveciae
2204 987 2278 1049 et
2339 977 2597 1048 Daniae

583 1082 985 1174 imperavit,
1042 1081 1345 1153 ethnicae
1395 1082 1728 1174 religioni
1780 1081 2106 1153 addictus
2159 1077 2597 1150 christianis-

582 1203 724 1277 que
777 1180 1176 1253 homiuibus
1225 1186 1569 1255 iuimicus.
1680 1179 1959 1252 Eodem
2014 1179 2200 1251 libro
2252 1182 2595 1272 scriptum

584 1284 980 1377 reperitur,
1056 1283 1555 1376 imperatorem
1624 1281 2001 1366 Ottonem,
2081 1283 2240 1373 ejus
2293 1281 2597 1351 nominis

584 1385 892 1470 tertium,
946 1382 1209 1455 bellum
1267 1384 1517 1454 Daniae
1569 1383 1898 1454 intulisse
1955 1391 2030 1452 et
2080 1384 2447 1453 victoriam
2501 1399 2597 1450 ex

582 1482 830 1556 Eiriko
897 1494 1332 1578 reportasse.
1460 1484 1543 1555 Id
1610 1495 1844 1555 autem
1916 1492 2171 1554 exacte
2239 1481 2595 1576 proditum

584 1592 733 1669 est,
785 1588 1281 1678 imperatorem
1337 1595 1410 1656 et
1458 1584 2065 1678 archiepiscopum
2119 1582 2594 1654 Bremensem

584 1684 674 1754 ad
726 1705 976 1775 regem
1019 1685 1332 1757 Eirikum
1366 1678 1654 1757 misisse
1682 1684 2126 1779 Popponem,
2180 1687 2593 1777 episcopum

583 1783 1152 1874 slewicensem,
1203 1790 1324 1881 qui
1378 1791 1446 1857 ei
1500 1785 1924 1879 religionem
1976 1786 2419 1857 christianam
2472 1804 2594 1853 an-

582 1888 976 1974 nuntiaret,
1052 1887 1684 1983 [postulasseque,
1764 1898 1842 1959 ut
1904 1887 2098 1982 quod
2169 1885 2594 1980 obsequium

583 1987 941 2060 Haraldus
992 1986 1245 2061 Gormi
1296 1990 1485 2062 filius
1539 1986 1782 2061 Ottoui
1836 1990 2197 2082 superiori
2223 1988 2593 2080 praestitis-

581 2099 722 2173 set,
775 2089 960 2161 idem
1014 2090 1153 2162 sibi
1207 2093 1615 2185 imperatori
1667 2086 2101 2184 praestaretl.
2201 2085 2369 2158 Rex
2410 2087 2594 2158 Eiri-

584 2190 728 2261 kus
777 2189 865 2261 ab
921 2194 1267 2285 episcopo
1319 2195 1554 2285 petiit,
1606 2202 1718 2276 ut,
1772 2189 1936 2286 quid
1994 2189 2178 2260 deus
2231 2192 2389 2281 eJus
2443 2186 2595 2257 effi-

583 2308 757 2360 cere
809 2300 1085 2384 posset,
1139 2292 1566 2363 documento
1602 2290 1852 2384 aliquo
1900 2299 2340 2361 monstraret.
2413 2285 2596 2359 Tum

586 2392 974 2484 episcopus
1026 2390 1343 2463 candens
1404 2392 1672 2463 ferrum
1741 2413 1952 2463 manu
2025 2394 2370 2484 gestavit,
2453 2411 2597 2460 ma-

584 2512 896 2586 numque
945 2492 1092 2584 igni
1144 2495 1468 2564 intactam
1521 2495 1681 2586 regi
1732 2495 2181 2579 monstravit3
2234 2507 2472 2587 atque,
2522 2500 2602 2561 ut

584 2590 888 2663 ethnicis
932 2614 1210 2664 omnem
1266 2594 1769 2666 dubitationem
1825 2596 2214 2679 eximeret,
2294 2595 2597 2663 tunicam

582 2714 783 2765 suam
836 2695 1213 2766 cerandam
1279 2700 1588 2782 curavit,
1670 2715 1876 2790 quam
1949 2715 2158 2788 quum
2226 2692 2599 2779 induisset,

582 2795 822 2887 ignem
876 2796 1241 2868 admoveri
1286 2800 1544 2890 jussit,
1597 2798 1974 2888 tunicaque
2028 2793 2347 2866 ainhusta
2399 2797 2599 2863 inco-

585 2894 795 2967 lumis
861 2899 1074 2968 stetit.
1157 2893 1374 2988 -Quo
1440 2897 1631 2969 facto
1685 2917 1819 2966 rex
1883 2896 2167 2967 Eirikus
2235 2893 2598 2989 multaque

447 3040 465 3057 .
585 2994 940 3066 hominum
994 2996 1208 3068 millia
1257 2997 1592 3090 baptizari
1641 3018 1729 3068 se
1758 2998 2105 3068 fecerunt.
2207 2993 2388 3066 Tum
2421 3016 2599 3088 quo·
2657 3057 2679 3067 ,

586 3114 726 3188 que
779 3092 1103 3167 homines
1154 3100 1223 3166 in
1274 3095 1609 3170 Sveciam
1679 3098 1770 3168 ad
1831 3097 2365 3169 annuntiandam
2429 3093 2599 3166 reli-

588 3197 872 3288 gionem
923 3195 1375 3268 christianam
1432 3202 1648 3272 missi.
1750 3198 1915 3270 Rex
1971 3220 2148 3270 vero
2175 3196 2402 3268 Svein
2429 3193 2603 3266 Ulvi

586 3295 776 3369 filius
823 3300 936 3370 sic
988 3297 1191 3384 dicit,
1276 3320 1527 3392 regem
1569 3298 1886 3370 Eirikum
1938 3298 2363 3391 religionem
2413 3294 2599 3367 chri-

589 3400 884 3471 stianam
934 3402 1323 3493 rejecisse,
1407 3401 1832 3496 ethnicaque
1901 3400 2253 3493 religione
2306 3405 2601 3490 recepta

583 3509 933 3571 mortuum
1005 3522 1198 3572 esse.
1333 3501 1678 3574 Putamus
1693 3553 1713 3589 ,
1793 3499 2161 3574 Hakonem
2231 3499 2599 3592 dynastam

589 3598 756 3670 huic
806 3599 1003 3673 hello
1053 3601 1467 3675 interfuisse
1523 3614 1597 3676 et
1656 3603 2011 3679 adversus
2076 3598 2419 3672 Ottonem
2475 3600 2600 3669 im·

589 3710 993 3796 peratorem
1047 3725 1477 3797 pugnasse,
1471 3703 2089 3799 quemadmodum
2140 3706 2213 3772 in
2263 3686 2604 3772 Vellefila

590 3805 951 3875 memoriae
1005 3804 1355 3913 proditum
1407 3814 1563 3891 est,
1638 3807 1941 3898 regique
2003 3802 2294 3888 Eiriko,
2372 3801 2601 3872 amico

591 3911 715 3974 aut
765 3901 1083 3996 genero²
1133 3898 1310 3992 s'uo,
1361 3905 1693 3977 auxilium
1746 3903 2020 3977 tulisse.
2358 3954 2365 3963 ›

601 4084 608 4091 ,
793 4003 860 4083 5..
962 4005 1265 4081 Mortuo.
1308 4027 1491 4099 rege
1544 4006 1816 4090 Eiriko‚
1850 4001 2148 4082 Olavus
2201 4002 2388 4143 filius
2433 4003 2602 4092 ejus

666 4136 1022 4201 ¹)om2'tt.1·'.
1135 4136 1919 4205 ἰ)τί<1σ.·.1ῗοι·ικιιε.10,’220.
