2950 4684
330 300 404 399 ὸ.
426 332 652 413 600621.
877 337 1240 388 ms‘roma
1298 338 1818 390 natumnatum.
2172 311 2352 404 256

330 521 472 594 hoc
525 521 695 593 ideo
751 520 937 606 dico,
987 523 1231 615 inquit,
1283 522 1471 617 quod
1519 520 1680 592 mibi
1712 526 1986 596 meisve
2027 533 2350 598 metuam.

327 621 521 693 Puto
557 621 904 716 plurimos
937 622 1278 708 dicturos,
1331 638 1444 694 me
1497 644 1644 717 prae
1696 627 1965 695 ceteris
2016 625 2344 699 omnibus

329 724 539 815 hujus
590 725 699 793 rei
750 722 1164 798 effectorem
1217 722 1482 811 fuisse,
1550 725 1742 817 quod
1808 728 2012 796 etiam
2057 726 2344 817 fateor3

328 845 567 918 neque
634 844 750 893 me
822 827 1110 917 poenitet
1172 822 1378 908 faeti,
1447 846 1657 920 quum
1724 827 1797 896 iu
1870 829 2343 921 exsequendo

330 925 612 996 modum
659 944 812 994 -non
861 933 1366 1015 transgressus
1419 925 1690 996 videar.
1789 925 2014 1019 Igitur
2072 937 2144 997 et
2198 949 2344 1021 ego

333 1027 614 1097 domum
667 1034 1015 1095 revertar,
1114 1023 1293 1095 'sum
1347 1047 1638 1119 quoque
1697 1030 2059 1099 exercitus
2114 1027 2376 1100 colle-'

330 1130 568 1198 ctitius
629 1123 925 1196 distrahi
993 1128 1367 1218 copiaeque
1439 1124 1652 1196 dilabi
1717 1138 2124 1221 coeperunt,
2193 1151 2342 1223 quo

329 1231 659 1322 quisque.
688 1225 1110 1297 domicilium
1161 1225 1401 1298 habuit
1454 1227 1927 1317 digrediente.

601 1325 994 1399 Horrenda
1042 1348 1242 1398 mors
1293 1323 1680 1418 Asbjornis
1731 1328 2083 1425 dynasta».

530 1426 650 1497 61.
752 1426 1069 1519 Asbjorn
1121 1428 1421 1519 dynasta
1489 1430 1720 1502 statim
1786 1439 1949 1522 post
2016 1429 2344 1522 proelium

327 1531 902 1622 septemtrionem
956 1549 1219 1602 versus
1272 1529 1363 1598 ad
1413 1527 1671 1600 fretum
1728 1528 2042 1601 Granum
2093 1530 2338 1623 profe-2

327 1640 489 1702 ctus
538 1637 673 1715 est,
723 1627 1101 1722 hospitium
1150 1639 1568 1702 nocturnum
1619 1633 1688 1700 in
1730 1631 1990 1724 oppido
2031 1632 2338 1724 quodam

328 1730 701 1815 conduxit,
771 1739 845 1799 et
904 1729 1135 1824 aliqua
1201 1740 1410 1802 nocte
1461 1733 1533 1800 in
1586 1730 1955 1804 coenaculo
2007 1735 2336 1825 quopiam

328 1828 763 1926 quiescebat.
865 1829 1025 1901 Hoc
1074 1830 1239 1902 loco
1292 1830 1631 1902 terribilis
1682 1854 1806 1903 res
1857 1835 2141 1906 accidit:
2208 1855 2336 1906 eo.-

330 1933 490 2003 dem
543 1934 852 2023 ingressi
910 1930 1103 2004 multi
1157 1953 1399 2002 mures
1441 1930 1701 2003 Gallici
1755 1932 2062 2024 (glires),
2115 1933 2337 2005 multo

325 2042 533 2105 antea
581 2034 754 2103 visis
809 2036 1150 2125 majores,
1225 2033 1593 2123 dynastam
1663 2042 1802 2102 tam
1865 2033 2340 2106 vehementer

238 2185 246 2189 -
325 2135 855 2227 impetiverunt,
921 2143 1001 2205 ut
1061 2132 1420 2225 extemplo
1474 2132 1714 2204 cubitu
1766 2154 2070 2225 surgere
2124 2143 2200 2204 et
2246 2155 2338 2206 se

328 2234 415 2305 ab
486 2237 595 2304 eis
666 2233 1064 2304 defendere
1135 2244 1543 2326 cogeretur.
1654 2232 1763 2304 Illi
1815 2233 2035 2306 nihilo
2086 2237 2336 2310 secius

327 2356 488 2407 eum
526 2337 1004 2420 incesserunt,
1058 2344 1132 2405 et
1180 2337 1499 2429 quamvis
1551 2335 1958 2429 complures
2008 2335 2334 2409 homines

323 2439 397 2506 in
448 2434 815 2508 coenaculo
865 2446 1350 2522 versarentur,
1404 2435 1670 2507 nullum
1723 2436 1933 2508 alium
1978 2435 2346 2516 curabant,¹

321 2533 749 2629 Fugientem
781 2558 823 2607 e
857 2537 1223 2610 coenaculo
1253 2539 1592 2609 continuo
1622 2547 2170 2631 persequuntur,
2223 2537 2336 2608 fo-

323 2651 586 2731 rasque
689 2658 1071 2730 egressum
1183 2637 1813 2709 vehementissime
1907 2649 2334 2730 oppugnant.

325 2736 569 2831 ltaque
623 2738 936 2809 decurrit
1001 2739 1091 2809 ad
1145 2738 1346 2825 litus,
1418 2747 1491 2810 et
1557 2741 1629 2807 in
1694 2758 1944 2809 navem
2015 2739 2333 2810 evadens

322 2860 366 2909 a
415 2849 608 2909 terra
658 2838 895 2909 solvit.
998 2838 1113 2910 Illi
1162 2838 1535 2910 confestim
1600 2841 1669 2907 in
1719 2859 1912 2912 mare
1968 2849 2345 2930 proruunt,
2432 2885 2437 2898 ·

321 2949 533 3033 atque
585 2943 657 3009 in
710 2960 960 3012 navem
1009 2941 1099 3012 ad
1167 2961 1327 3010 eum
1379 2939 1916 3039 conscendunt„
1955 2942 2026 3008 in
2077 2938 2331 3012 faeiem

325 3049 401 3110 et
444 3062 662 3112 nares
712 3038 1017 3111 bominis
1070 3062 1112 3111 e
1167 3043 1477 3134 vestigio
1532 3039 1867 3128 involant,
1923 3061 2014 3111 eo
2049 3040 2333 3113 tandem

324 3142 542 3226 exitu,
594 3151 672 3211 ut
724 3163 882 3213 eum
939 3140 1089 3214 leto
1145 3143 1429 3229 darent,
1496 3164 1634 3237 quo
1688 3142 1875 3215 facto
1927 3141 2085 3213 haec
2137 3165 2333 3213 mon-

323 3251 471 3312 stra
532 3246 760 3313 statim
819 3264 861 3312 e
914 3253 1309 3337 conspectu
1361 3242 1591 3316 ablata
1642 3255 1824 3315 su-nt.
1929 3242 2113 3333 Quae
2168 3265 2331 3337 por·

319 3350 535 3428 tenta,
587 3356 790 3414 mors·
832 3342 1212 3436 Asbjornis
1269 3344 1615 3436 dynastae,
1670 3344 1850 3415 fama
1903 3343 2047 3411 late
2105 3343 2334 3416 divul-

320 3451 484 3535 gata
557 3446 918 3536 ingentem
997 3443 1398 3517 hominibus
1474 3454 1827 3516 terrorem
1912 3445 2333 3534 injecerunt,

318 3545 439 3636 qui
493 3545 775 3639 quidem
831 3547 989 3636 regi
1039 3543 1281 3617 Knuto
1347 3547 1648 3618 maxime
1715 3543 2024 3616 fuissent
2073 3545 2334 3616 adver-

317 3644 469 3714 sati.
570 3643 754 3716 Hinc
809 3645 1148 3718 dubitatio
1201 3645 1436 3717 multis
1489 3642 1819 3731 suborta,
1885 3666 1973 3718 an
2035 3643 2177 3718 boe
2227 3645 2331 3718 fa-

317 3752 538 3831 ctum,
605 3748 800 3839 quod
850 3767 1102 3840 regem
1156 3744 1468 3818 Knutum
1521 3744 2093 3833 interfecissent,
2160 3745 2330 3816 Deo

313 3851 454 3915 tam
504 3844 878 3938 probatum
931 3857 1155 3935 esset,
1213 3870 1419 3943 quam
1471 3848 1654 3941 ipsis
1702 3848 1970 3941 saepius
2022 3845 2330 3920 inculca-

271 3953 458 4015 ·tum
526 3944 807 4019 fuisset.
940 3947 1187 4044 ltaque
1263 3947 1584 4041 vulgaris
1650 3950 2077 4021 existimatio
2156 3954 2333 4032 erat,

312 4043 498 4121 hanc
548 4045 894 4126 ultionem
949 4071 990 4122 a
1040 4050 1209 4123 Deo
1262 4048 1674 4146 profectam.
