2950 4684
380 308 456 369 ο,
484 303 715 371 4041,
920 308 1289 360 merolus
1342 308 1865 360 xum-mamm.
2079 285 2086 294 ’
2223 284 2404 386 m

375 493 773 577 neminem,
847 494 970 586 qni
1049 490 1304 563 horum
1376 490 1841 565 consiliorum
1918 489 2150 588 aliqua
2227 516 2397 589 pars

373 592 658 680 fuisset,
707 595 1115 686 impunitum
1168 592 1451 677 dimisit,
1505 615 1742 687 eoque
1780 593 1992 664 modo
2035 592 2224 666 hunc
2253 619 2396 668 ma-

376 691 742 764 leficorum
824 692 1118 785 globum
1190 696 1630 785 exstirpavit.
1760 692 1914 765 Sed
1985 692 2128 766 hoc
2205 695 2396 769 facto

375 816 701 886 magnum
754 792 890 864 sibi
943 793 1180 863 odium
1233 793 1598 878 conflavit,
1677 805 1880 866 erant
1947 798 2134 865 enim
2203 795 2398 889 Egili

379 904 455 966 et
504 892 702 974 multi
756 903 831 963 et
878 903 1212 987 potentes
1238 895 1552 985 cognati.
1656 892 1999 993 Postliaec
2038 899 2396 991 principes

377 1015 420 1065 a
472 1015 653 1087 rege
706 994 1125 1068 discordare
1179 1003 1254 1064 et
1302 996 1577 1065 animos
1640 995 1998 1067 adversus
2051 1017 2214 1068 eum
2267 997 2396 1079 oh-

376 1092 656 1166 firmare
710 1103 1098 1188 coeperunt,
1152 1115 1449 1187 quorum
1506 1095 1836 1189 exempla
1860 1094 2116 1188 plebes
2144 1106 2397 1180 secuta

379 1203 522 1283 est3
574 1197 778 1267 cives
830 1200 1057 1281 enim,
1120 1194 1403 1266 licentia
1455 1205 1663 1267 antea
1712 1197 2029 1283 adsueti,
2111 1200 2273 1290 ejus
2322 1199 2397 1270 in

375 1296 789 1387 imperando
857 1306 931 1372 et
992 1296 1345 1389 puniendo
1411 1298 1868 1370 severitatem
1932 1319 2134 1391 aegre
2197 1296 2392 1372 fere-

380 1393 564 1467 bant.

712 1495 838 1568 De
884 1516 1062 1591 ναμε
1123 1491 1359 1567 Olane
1411 1505 1486 1567 et
1535 1517 1712 1592 reqe
1765 1493 2040 1568 Knuto.

579 1596 701 1667 41.
801 1596 1086 1668 AEstate
1154 1595 1387 1691 aliqua
1450 1618 1584 1667 rex
1649 1597 1901 1668 Daniae
1968 1594 2256 1669 Knutus
2319 1606 2395 1670 et

378 1696 656 1770 Olavus
703 1696 1096 1790 Norvegiae
1149 1718 1306 1783 rex,
1356 1698 1688 1770 condicto
1743 1695 1909 1768 loco
1965 1707 2038 1769 et
2066 1708 2391 1791 tempore
2529 1699 2538 1705 ’

379 1798 894 1883 conveniendi,
979 1804 1050 1869 in
1099 1796 1270 1868 Albi
1322 1802 1703 1890 congressi
1761 1809 1947 1870 sunt.
2066 1798 2393 1892 Accepta
2471 1845 2480 1860 ·

357 1899 798 1994 rredditaque
850 1897 1107 1983 salute,
1161 1897 1520 1993 colloquia
1574 1903 1760 1971 inter
1810 1920 1895 1969 se
1940 1898 2207 1970 hahere
2246 1921 2391 1974 coe-

373 2010 652 2092 perunt.
752 1998 831 2069 ln
880 1998 1120 2093 aliquo
1172 2019 1573 2091 congressu
1629 2021 1762 2070 rex
1815 1997 2101 2070 Knutus
2155 1998 2389 2071 Olavo

373 2099 768 2193 Norvegiae
818 2103 979 2193 regi
1028 2102 1139 2169 sic
1190 2097 1535 2194 loquitur:
1591 2101 1931 2192 cogitavi,
1995 2096 2230 2171 Olave
2283 2099 2400 2182 all,

373 2200 572 2286 finis,
624 2204 878 2295 inquit,
931 2201 1066 2271 nisi
1116 2200 1240 2271 tihi
1294 2219 1419 2273 res
1472 2200 1665 2271 dubii
1720 2208 2024 2272 eventus
2073 2199 2234 2272 fore
2285 2204 2390 2273 vi-

378 2302 669 2387 deatur,
747 2300 1057 2375 classem
1128 2323 1170 2371 e
1222 2321 1451 2393 regno
1505 2305 1589 2372 in·
1631 2301 2158 2396 expeditionem
2213 2303 2392 2389 edu?

373 2423 572 2489 cere,
624 2405 831 2495 regni
882 2404 1327 2489 recordatae,
1380 2405 1585 2493 cujus
1622 2401 2024 2495 postulandi
2062 2424 2390 2495 magnum

363 2506 486 2597 jus
538 2524 673 2576 nos
724 2506 1007 2595 cognati
1060 2503 1332 2574 habere
1382 2502 1591 2574 nobis
1642 2503 2001 2582 videmur:
2056 2501 2390 2595 Angliam

376 2604 560 2691 dico,
613 2607 820 2696 eujus
874 2625 1191 2697 magnam
1246 2614 1514 2696 partem
1570 2607 1793 2676 nostri
1846 2607 2133 2696 cognati
2185 2614 2389 2696 pote-

373 2715 558 2777 state
611 2715 1033 2791 tenuerunt,
1113 2705 1684 2800 quandoquidem
1752 2702 2036 2778 Knutus
2109 2715 2389 2796 potenS,

373 2816 723 2898 cognatus
795 2815 1077 2892 noster,
1157 2813 1373 2877 totam
1439 2803 1770 2897 Angliam
1837 2807 1908 2874 in
1961 2813 2392 2897 potestatem

373 2907 692 3000 redegit,
746 2910 959 3001 eique
1014 2928 1244 2999 regno
1300 2905 1390 2976 ad
1446 2917 1745 2978 mortem
1799 2927 2030 2999 usque
2083 2907 2394 2997 impera·

375 3010 506 3093 vit,
578 3016 654 3077 et
706 3019 871 3099 post
923 3028 1084 3079 eum
1153 3005 1279 3077 filii
1338 3010 1468 3080 sui.
1594 3006 1713 3078 Ad
1765 3006 1948 3077 hanc
2002 3025 2181 3098 ergo
2235 3026 2388 3080 rem

373 3115 532 3193 tuo,
585 3106 817 3179 affinis
859 3105 1130 3195 Olave,
1183 3108 1447 3179 auxilio
1499 3107 1816 3202 adjuvari
1869 3111 2102 3202 cupio.
2204 3105 2388 3182 Pro·

374 3228 565 3300 pono
619 3206 741 3279 tibi
795 3207 977 3281 hanc
1027 3211 1544 3296 conditionem,
1593 3222 1673 3283 ut
1721 3208 1936 3301 hujus
1992 3210 2386 3301 expeditio-

372 3310 484 3379 nis
536 3312 872 3403 princeps
924 3314 1065 3396 sis,
1121 3333 1213 3381 eo
1267 3311 1459 3404 quod
1516 3311 1767 3383 multas
1819 3308 2046 3384 habes
2098 3311 2389 3398 injurias

371 3409 443 3478 in
491 3407 752 3502 Anglis
802 3411 1276 3496 vindicandas,
1330 3415 1618 3503 tumque
1672 3421 1744 3481 te
1796 3412 2027 3502 copjis
2082 3420 2155 3480 et
2191 3409 2386 3483 auxi.-

370 3506 489 3580 liis
541 3513 682 3581 mei
730 3515 936 3603 regni
965 3510 1349 3602 adjuvabo3
1403 3509 1718 3605 alioquin
1751 3518 2042 3602 egomet
2070 3518 2388 3581 nostrum

369 3611 744 3703 utriusque
798 3614 1081 3684 nornine
1136 3610 1614 3702 expeditionis
1667 3614 1996 3703 princeps
2043 3631 2196 3696 ero,
2251 3610 2390 3680 etsi

370 3710 603 3782 minus
655 3712 786 3779 sim
839 3711 929 3783 ad
984 3733 1140 3784 eam
1191 3732 1340 3781 rem
1391 3709 1738 3798 idoneus,
1824 3721 1897 3782 et
1957 3710 2292 3782 auxilium
2339 3729 2388 3782 a

369 3818 444 3882 te
497 3812 917 3906 copiamque
968 3812 1339 3885 militarem
1378 3814 1734 3904 accipiam.
1821 3809 2011 3883 -ann
2044 3832 2179 3881 rex
2212 3808 2388 3884 Ola-

367 3931 546 3982 vus:
601 3909 757 3983 haec
805 3933 964 4001 res,
1030 3915 1123 3985 de
1174 3935 1311 4009 qua
1379 3911 1847 4006 aliquamdiu,
1919 3933 2056 3983 rex
2120 3908 2386 3996 Knnte,

369 4012 624 4104 egisti,
691 4015 764 4085 in
817 4024 1151 4088 eventum
1199 4011 1640 4110 probabilem
1693 4015 2007 4112 instituta
2061 4032 2234 4083 esse
2277 4012 2385 4112 ‚Vi‘

470 4138 593 4193 vot.
629 4140 722 4195 ιι.
1903 4109 1971 4182 Ρ
