2950 4684
546 288 729 384 n
1074 314 1451 363 msronm-
1495 312 2017 363 xuurruaunu.
2231 303 2305 372 c,
2340 307 2571 379 4445,

552 519 713 574 cum
767 498 1073 571 deducta
1122 519 1251 571 res
1290 500 1434 592 jam
1488 508 1728 583 esset,
1807 494 2041 569 solius
2106 500 2310 590 regis
2370 500 2567 571 deci-

551 603 740 673 sioni
787 603 1277 694 acquiescere.
1406 597 1575 669 Rex
1623 596 1912 669 Knutus
1975 606 2210 669 autem
2280 601 2389 671 eis
2439 604 2567 670 mi-

550 704 741 773 nime
796 704 1157 796 pepercit,
1210 723 1364 773 uam
1415 702 1488 776 in
1541 718 2176 794 unumquemque„
2211 702 2370 771 sive
2421 723 2567 772 am·

550 800 826 898 plioriS,
877 805 1038 874 sive
1090 801 1484 873 humilioris
1539 800 1967 871 conditionis
1996 807 2241 889 {essen
2294 823 2428 894 pro
2456 823 2569 873 ra-

554 906 754 975 tione
805 901 1226 975 delictorum
1294 901 1805 974 animadvertit.
1909 898 2142 991 Quam
2212 905 2572 996 principes

552 1006 830 1076 nimiam
893 1005 1353 1076 severitatem
1421 1003 1810 1087 ducenteS,
1888 1001 2235 1072 alienatos
2301 1005 2573 1074 animos

557 1107 628 1177 ei
681 1113 1195 1198 opposuerunt,
1244 1124 1480 1197 neque
1531 1111 1766 1173 tamen
1817 1104 2184 1197 quisquam
2214 1105 2372 1197 regi
2399 1123 2570 1175 con-

553 1214 663 1277 tra
716 1205 961 1275 dicere
1013 1224 1235 1275 ausus
1287 1213 1419 1275 est.

1222 1304 1348 1377 De
1395 1301 1891 1399 reqe.Knulo.

756 1401 879 1473 45.
978 1402 1152 1474 lude
1205 1426 1339 1476 rox
1387 1404 1676 1476 Knutus
1749 1403 2110 1473 meridiem
2182 1424 2447 1475 versus
2498 1406 2572 1475 in

540 1501 820 1576 Jotiam
875 1503 1243 1596 profectus
1298 1515 1433 1591 est,
1487 1525 1628 1598 quo
1682 1503 1772 1574 ad
1826 1524 1986 1574 eum
2036 1525 2337 1595 magnus
2376 1507 2576 1578 venit

554 1603 851 1675 militum
902 1624 1261 1677 uumerus.
1365 1605 1501 1676 Hic
1552 1626 1710 1675 cum
1771 1603 1989 1676 solito
2057 1606 2396 1694 majorem
2449 1627 2573 1678 co-

556 1707 826 1799 piarum
880 1705 1391 1776 multitudinem
1444 1704 1766 1790 haberet,
1817 1703 2048 1777 sicubi
2086 1704 2348 1776 diutius
2379 1727 2572 1777 com·

557 1808 818 1876 morari
848 1803 1097 1891 vellet,
1130 1809 1451 1878 convivia
1483 1807 1877 1897 imperavit,
1929 1827 2352 1899 omnemque
2382 1828 2574 1877 sum-

558 1915 706 1979 tum
762 1903 1041 1979 colonis
1090 1909 1405 2000 injunxit.
1507 1905 1892 1999 Inquovis
1955 1908 2351 1992 territorio,
2404 1928 2575 1978 cou-

559 2016 782 2079 veutu
834 2005 1248 2080 colonorum
1304 2007 1568 2093 habito,
1623 2006 1875 2077 eadem
1928 2004 2049 2078 illa
2089 2010 2379 2078 crimina
2410 2028 2574 2100 pro-

558 2110 759 2201 ponit
811 2117 887 2179 et
936 2112 1005 2179 in
1057 2109 1361 2182 colonos
1410 2112 1642 2197 jactat,
1695 2108 1966 2193 dicenS,
2018 2129 2104 2177 se
2146 2106 2577 2180 contumelia

561 2207 649 2278 ab
705 2210 815 2278 eis
865 2209 1232 2297 affectum,
1301 2209 1494 2302 quod
1549 2208 1858 2279 debitum
1911 2205 2236 2278 officium
2272 2212 2339 2279 ei
2392 2227 2577 2303 prae-

556 2316 757 2384 stare
810 2307 1228 2380 noluissent.
1327 2308 1494 2378 Rex
1559 2307 1811 2400 longa,
1876 2306 2141 2380 diserta
2196 2318 2270 2380 et
2318 2331 2577 2402 aspera

562 2409 885 2479 oratione
941 2407 1244 2479 colonos
1292 2411 1667 2494 incusavit,
1718 2411 1921 2500 cujus
1973 2408 2213 2480 verbis
2264 2409 2576 2481 fecunda

560 2509 791 2578 inerat
850 2511 1212 2578 criminum
1265 2509 1753 2601 jaciendorem
1833 2512 2185 2580 materies
2318 2510 2577 2582 Coloni

561 2629 695 2701 pro
746 2627 833 2680 se
884 2609 1358 2702 respondere,
1409 2608 1835 2704 singulaque
1889 2613 2357 2682 criminaase
2380 2621 2573 2682 amo'·

561 2729 781 2801 vere3
830 2720 905 2782 et
956 2719 1188 2781 tamen
1240 2709 1465 2782 altera
1520 2732 1613 2781 ex
1669 2719 1868 2803 parte
1918 2709 2432 2803 intelligebant,
2486 2733 2577 2783 se

562 2832 719 2882 cum
774 2832 954 2904 rege
1005 2810 1250 2883 Kouto
1303 2814 1759 2884 contentione
1828 2831 2052 2903 agere
2117 2832 2259 2881 non
2327 2832 2577 2905 posse,

563 2912 757 3005 quod
826 2934 1142 3003 magnam
1209 2912 1520 2985 habebat
1599 2911 1953 2983 hominum
2036 2910 2576 3000 multitudiuem3

562 3009 827 3081 multos
881 3016 1066 3082 enim
1116 3013 1205 3083 ad
1258 3034 1343 3084 se
1398 3015 1758 3105 principes
1798 3013 2297 3083 advocaverat.
2394 3012 2577 3082 Nam

563 3119 710 3182 tum
764 3131 923 3181 cum
984 3131 1167 3203 rege
1230 3110 1475 3183 Knuto
1545 3111 1964 3182 versabatur
2014 3112 2303 3184 Eirilrus
2356 3112 2579 3204 dyna-

563 3218 700 3295 sta,
751 3208 972 3281 frater
1024 3214 1204 3302 ejus,
1259 3210 1367 3305 [et
1414 3209 1921 3299 Benedictusl,
1964 3210 2186 3283 Svein
2225 3227 2299 3284 et
2324 3212 2578 3283 Astra-

565 3310 702 3382 dus
750 3308 1210 3403 Thorgunuae
1261 3310 1422 3400 filii3
1480 3323 1680 3382 erant
1729 3322 1805 3382 et
1855 3313 2042 3406 apud
2093 3335 2343 3406 regem
2376 3310 2578 3384 Kou-

562 3420 705 3482 tum
762 3413 907 3483 duo
958 3412 1241 3497 fratreS,
1296 3433 1600 3506 quorum
1645 3409 1848 3483 alteri
1905 3434 2157 3485 nomen
2214 3423 2370 3484 erat
2410 3411 2580 3484 Pal-

562 3514 739 3581 mari
789 3511 994 3583 alteri
1045 3511 1489 3599 Blakkmari,
1551 3513 1759 3584 Edlae
1812 3518 2121 3608 reginae,
2187 3537 2391 3608 quam
2443 3534 2582 3585 rex

562 3608 846 3682 Koutus
896 3615 967 3683 in
1021 3616 1454 3686 matrimonio
1486 3613 1814 3700 habebat,
1867 3613 2240 3699 coalumni‚
2292 3623 2581 3685 staturae

562 3715 960 3808 viriumque
1016 3717 1491 3808 magnitudine
1556 3713 2045 3798 excellenteS,
2126 3735 2386 3805 magno
2450 3712 2581 3783 ho-

564 3833 746 3884 nore
815 3836 857 3884 a
924 3834 1105 3908 rege
1181 3815 1413 3887 habiti.
1547 3815 1761 3887 Multi
1826 3812 2012 3906 apud
2077 3833 2329 3906 regem
2383 3820 2586 3883 eraut

566 3916 704 3985 viri
756 3936 1029 4006 magnae
1083 3918 1542 3988 auctoritatis.
1683 3922 1699 3938 '

634 4103 686 4175 ι)
722 4108 891 4163 omitt·
933 4108 991 4175 S,
1019 4108 1078 4165 Υ.
