2950 4684
337 299 417 362 0.
443 297 547 359 21.
885 300 985 347 νε
1018 299 1330 347 mna-ns
1368 296 1853 348 :onnusmua
2242 273 2364 359 ὅ

342 482 771 578 capiendum
798 481 1087 554 consilii
1115 490 1339 568 esset,
1383 501 1642 553 omnes
1670 502 1823 553 rcm
1851 480 2142 553 arbitrio
2164 476 2359 574 Fjol-

341 587 582 670 neriS‚
650 586 910 678 quippe
979 585 1298 654 maximae
1365 584 1552 653 inter
1612 603 1747 654 eos
1797 585 2235 654 auctoritatis
2285 592 2364 653 et

345 686 769 778 prudentiae,
823 687 1314 776 permiserunt.
1412 682 1695 755 Dicitur
1723 680 2017 776 Fjolner
2068 683 2158 755 ad
2196 704 2359 776 pro·

343 794 642 857 stratum
696 786 896 877 regis
947 805 1210 878 corpus
1277 787 1688 856 accessisse
1737 788 2208 877 sagittamque
2258 785 2360 853 in-

345 884 555 957 fixam
593 887 1022 971 extraxisse,
1076 906 1398 979 eamque,
1442 894 1517 955 ut
1546 894 1722 971 erat,
1774 905 2154 957 servasse:
2207 894 2363 956 erat

344 996 579 1059 autem
633 989 887 1078 sagitta
937 989 1227 1078 cognitu
1280 984 1553 1071 facilis,
1607 1007 1762 1055 uam
1812 1007 1989 1057 auro
2041 987 2361 1057 revincta

347 1097 523 1163 erat.
627 1084 792 1178 Quo
841 1086 1029 1159 sacto
1058 1084 1353 1179 Fjoluer
1403 1089 1946 1159 circumstantes
1970 1085 2359 1159 allocutus:

343 1186 489 1260 hoc
543 1190 985 1281 potissimum
1039 1186 1318 1263 consilii
1385 1190 1456 1257 in
1521 1188 1827 1259 medium
1882 1188 2216 1281 profero,
2284 1195 2361 1258 ut

342 1310 482 1360 nos
544 1309 801 1363 omnes
868 1291 939 1361 in
1019 1288 1369 1359 narrando
1436 1287 1577 1359 hoc
1643 1298 1907 1359 evento
1974 1292 2158 1358 iuter
2224 1308 2361 1357 uos

344 1392 915 1477 consentiamus;
992 1411 1235 1483 neque
1301 1387 1511 1460 aliter
1571 1387 1739 1461 mihi
1801 1410 1927 1460 res
1976 1388 2362 1459 referenda

341 1491 657 1577 videtur,
732 1513 937 1584 qnam
984 1488 1140 1563 -telo
1195 1510 1617 1583 percussum
1671 1511 1922 1582 regem
1986 1493 2068 1559 in*
2107 1487 2358 1582 proelio

341 1594 670 1684 proxime
722 1592 1160 1685 praeccdenti
1226 1592 1345 1663 die
1390 1595 1799 1663 commisso
1865 1589 2133 1675 fuisse,
2199 1611 2359 1684 quae

342 1695 539 1765 ratio
560 1691 775 1763 nohis
800 1695 961 1763 erit
972 1691 1713 1779 honorificentissima3
1766 1690 1952 1762 hanc
1977 1712 2156 1763 vero
2183 1710 2358 1777 rem,

342 1804 505 1891 quae
548 1804 691 1865 tam
739 1792 1163 1886 prodigiose
1203 1793 1481 1880 accidit,
1540 1793 1764 1886 palam
1817 1791 2039 1884 vulgo
2091 1790 2359 1877 facere,

342 1894 591 1980 nobis,
654 1897 780 1989 qui
826 1904 1253 1986 prmentes
1318 1894 1705 1980 adfuimus,
1792 1893 2137 1964 dedecori
2205 1895 2356 1962 erit.

340 1996 635 2067 Deinde
703 2015 852 2065 rem
920 1998 1105 2066 inter
1188 2017 1275 2065 se
1339 1987 1560 2064 firmis
1625 1998 1852 2087 pactis
1919 1991 2358 2077 confirmant,

342 2118 692 2192 quamque
728 2105 1128 2167 sanxerant
1169 2095 1587 2166 relationem
1636 2115 1886 2167 omncs
1918 2098 2358 2163 constantem

200 2250 211 2261 -
340 2207 740 2269 servarunt.
841 2194 1305 2269 Paluatokius
1346 2195 1436 2266 ab
1468 2199 1743 2268 recenti
1782 2196 1972 2267 facto
2000 2193 2090 2264 ad
2127 2214 2357 2264 naves

318 2320 738 2391 >regressus
778 2301 1035 2390 viginti
1085 2301 1281 2371 viros
1315 2299 1638 2384 advocat,
1674 2317 1903 2391 seque
1940 2293 2136 2367 velle
2167 2293 2352 2367 Sve-

344 2422 507 2470 nem
562 2400 915 2471 alumnum
944 2422 1175 2470 ⁴sunm
1231 2402 1621 2470 convenire
1674 2397 2004 2469 ostendit.
2109 2396 2353 2490 ltaque

344 2501 439 2572 ab
491 2500 789 2573 navibus
856 2500 1157 2593 profecti
1228 2521 1360 2593 per
1410 2511 1895 2571 transversum
1950 2506 2354 2591 promonto-

343 2605 539 2673 rium
574 2606 713 2673 iter
746 2600 1131 2687 fecerunt,
1214 2602 1610 2695 eademque
1676 2609 1885 2671 nocte
1952 2600 2355 2690 congressi,

343 2725 663 2797 quaenam
716 2703 1022 2773 ineunda
1075 2705 1254 2774 ratio
1311 2715 1538 2787 essct,
1588 2705 1774 2771 inter
1819 2722 1910 2770 se
1935 2698 2356 2790 colloquun-

343 2815 476 2875 tur.
593 2803 1056 2874 Palnatokius
1108 2825 1198 2874 se
1251 2801 1391 2873 hoc
1445 2804 1537 2872 de
1592 2797 1913 2870 consiliis
1965 2801 2164 2890 regis
2215 2796 2353 2865 Ha-

343 2904 529 2976 raldi
594 2907 988 2977 rescivisse
1042 2906 1178 2988 ait,
1262 2903 1451 2996 quod
1507 2901 1881 2994 sequentis
1934 2900 2073 2969 diei
2127 2918 2356 2983 mane,

346 3016 427 3078 ut
476 3008 770 3099 primum
823 3008 982 3074 iniri
1033 3003 1353 3098 praelium
1411 3004 1506 3075 ob
1550 3000 2048 3095 crepusculum
2079 3009 2356 3094 posset,

344 3110 553 3200 ipses
601 3107 864 3179 adoriri
917 3108 1325 3177 statuisset·
1399 3128 1644 3177 verum
1698 3113 1951 3189 tamen,
2005 3126 2164 3174 cum
2219 3102 2359 3172 huc

346 3209 781 3293 advenerim,
834 3229 943 3290 ea,
996 3228 1155 3299 quae
1186 3205 1542 3300 pollicitus
1593 3204 1716 3276 tibi
1744 3225 1925 3290 sum,
1978 3202 2357 3296 praestabo,

342 3328 771 3402 omnemque
806 3329 1013 3402 quam
1044 3316 1299 3399 potero
1335 3329 1622 3400 operam
1661 3303 1787 3375 tibi
1831 3303 2131 3388 navabo,
2186 3323 2357 3371 eun-

346 3409 510 3479 dem
563 3418 797 3481 tecum
848 3428 1095 3480 casum
1161 3407 1548 3479 subiturus.
1663 3404 1898 3491 Nemo
1967 3423 2061 3472 ex
2129 3401 2356 3473 militi-

342 3509 519 3581 bus.
534 3508 803 3582 Svenis
850 3518 975 3580 aut
1011 3506 1435 3593 Paluatokii,
1489 3527 1739 3598 regem
1790 3508 1929 3576 vita
1983 3503 2357 3597 spoliatum

344 3631 521 3682 esse
589 3612 824 3696 novit,
888 3612 1051 3703 ipso
1119 3615 1425 3699 excepto
1475 3606 1935 3692 Paluatokio,
2009 3608 2132 3700 qui
2193 3608 2360 3676 novi

344 3712 727 3805 quidquam
756 3710 1129 3783 accidisse
1161 3705 1665 3793 dissimulavit,
1713 3708 2016 3778 necdum
2050 3705 2176 3776 ulli
2208 3724 2357 3773 rem

344 3815 627 3905 aperit.
708 3809 950 3896 Sven,
1014 3808 1425 3880 nutritorem
1488 3827 1693 3878 suum
1750 3806 2138 3877 allocutus:
2225 3825 2358 3873 oro

344 3922 459 3999 te,
496 3915 837 3999 nutritor,
897 3914 1140 4005 inquit,
1189 3916 1269 3979 ut
1316 3905 1615 4000 aliquam
1670 3910 2009 3979 rationem
2068 3906 2358 3995 excogi-

344 4023 499 4100 tes,
551 4035 715 4107 quae
766 4013 910 4085 hoc
961 4032 1199 4083 rerum
1249 4018 1437 4081 statu
1488 4005 1790 4079 salutem
1842 4004 2052 4075 nobis
2100 4004 2357 4075 afferre

347 4117 656 4207 possit·
700 4114 832 4185 Cui
866 4112 1369 4199 Paluatokius:
1425 4109 1607 4181 haud
1663 4116 2076 4179 cunctanter
2128 4110 2358 4177 consi-
