2950 4684
601 312 780 404 816
1131 304 1498 393 mareau
1552 271 2070 393 κιευτιωιιιιεκ,
2209 341 2626 408 Qun-103,

604 538 1116 622 susceperant,
1184 532 1522 624 proprios
1581 537 1860 601 sumtus
1919 531 1993 601 in
2060 551 2214 603 eam
2267 533 2619 605 iusnmse-

606 638 789 717 rtrnt,
838 629 1010 701 nihil
1060 641 1294 705 autem
1348 630 1527 702 lucri
1575 631 1745 701 inde
1797 629 2155 721 fecerant3
2228 650 2474 706 contra
2531 657 2617 707 ea
2693 716 2698 721 ,

603 750 738 805 rex
784 730 1073 803 Eirikus
1138 730 1312 803 nulli
1363 732 1508 818 rei,
1582 754 1742 824 quae
1807 732 2091 803 civibus
2151 732 2347 805 utilis
2416 746 2620 806 esset

602 840 726 903 aut
778 831 869 903 ad
919 835 1404 926 promovenda
1455 831 1864 925 reipublicae
1913 834 2286 905 commoda
2336 845 2617 929 specta-

604 942 740 1020 ret,
790 953 1079 1026 operam
1136 933 1310 1005 dare
1363 931 1560 1005 velle
1614 930 2004 1005 videbatur.

809 1033 977 1104 1⁰3.
1077 1034 1209 1104 Vir
1259 1037 1656 1105 nominatus
1709 1043 1824 1105 est
1857 1032 2140 1124 Plogus
2170 1031 2423 1126 Niger,
2473 1056 2615 1108 ma·

606 1155 769 1227 gnae
833 1135 903 1203 in
969 1134 1198 1205 Dania
1261 1137 1740 1221 auctoritatis,
1828 1156 1922 1205 ex
1986 1133 2182 1205 Jotia
2251 1137 2618 1222 oriundus,

599 1235 994 1328 provincia,
1040 1256 1201 1329 quae
1251 1231 1647 1327 Plogensis
1701 1236 1976 1321 dicitur,
2026 1239 2098 1304 in
2133 1236 2451 1317 ,dioecesi
2495 1235 2616 1307 Ris-

606 1338 813 1428 pensi
864 1338 1019 1406 sita.
1121 1335 1352 1426 Hujus
1404 1346 1672 1429 patrem
1742 1356 1875 1407 rex
1928 1335 2216 1407 Eirilms
2285 1337 2617 1408 interfici-

606 1434 863 1509 endum
912 1446 1314 1522 curaverat,
1366 1458 1577 1530 quum
1634 1459 1773 1506 non
1803 1438 2118 1528 ‚gravius
2169 1436 2618 1531 deliquisset,

594 1559 808 1630 *quam
863 1538 1055 1631 quod
1108 1540 1179 1608 ei
1231 1541 1302 1608 in
1355 1546 1715 1608 conventu
1765 1537 2003 1630 aliquo
2048 1536 2431 1609 oblocutus
2458 1536 2615 1609 fue-

602 1647 730 1709 rat.
834 1635 1063 1727 Quam
1114 1658 1266 1708 rem
1325 1641 1469 1708 etsi*
1505 1636 1784 1728 Plogus
1834 1660 2034 1728 aegre
2083 1637 2335 1724 ferret,
2381 1648 2616 1710 tamen

603 1737 775 1813 nihil
826 1737 965 1809 sibi
994 1738 1342 1832 reliquum
1382 1759 1553 1810 esse
1589 1737 2058 1831 intelligebat,
2108 1761 2315 1833 quam
2361 1750 2437 1810 ut
2462 1760 2615 1810 rem

602 1858 749 1934 quo
815 1848 984 1910 tunc
1051 1848 1204 1910 erat
1265 1838 1428 1911 loco
1494 1843 1818 1935 intactam
1872 1861 2162 1910 manere
2211 1849 2615 1933 pateretur3

603 1944 922 2011 nimirum
976 1958 1197 2035 parvo·
1250 1955 1418 2013 natu
1466 1951 1663 2025 erat,
1736 1964 1944 2036 quum
1987 1950 2220 2033 ‘pater
2283 1963 2465 2012 suus
2511 1943 2614 2010 in-

600 2042 952 2114 terfectus
1014 2055 1145 2113 est.
1250 2041 1472 2135 Cujus
1537 2045 1875 2129 animum,
1941 2041 2261 2113 orbitatis
2312 2039 2615 2115 vulnere

601 2147 956 2229 saucium,
1022 2165 1157 2213 rex
1207 2143 1494 2214 Eirikus
1566 2142 1764 2214 nullo
1833 2141 2089 2214 solatio
2142 2140 2613 2213 refocillatum

600 2245 745 2313 ivit.
845 2242 1010 2314 Rex
1061 2244 1350 2314 Eirikus
1400 2247 1472 2313 in
1523 2244 1931 2314 meridianis
1981 2243 2199 2314 Jotiae
2258 2241 2610 2337 partibns¹

598 2342 788 2414 forte
842 2346 1309 2428 constitutuS,
1378 2353 1803 2415 conventum
1869 2343 2288 2416 colonorum
2335 2342 2616 2436 agebat.

605 2441 774 2533 Quo
816 2446 1129 2535 cognito,
1179 2440 1459 2537 Plegus
1512 2445 1964 2517 sacerdotem
2018 2445 2323 2540 aliquem
2364 2445 2616 2516 adiens

604 2543 693 2614 ab
747 2565 839 2616 eo
890 2547 1089 2638 petit,
1141 2553 1220 2616 ut
1270 2565 1359 2615 se
1415 2547 1736 2638 privatim
1789 2560 1996 2617 sacra
2053 2569 2253 2620 coena
2303 2569 2615 2618 commu-

600 2647 812 2717 nicet.
916 2643 1050 2717 Cui
1101 2647 1481 2718 sacerdos:
1553 2649 1675 2742 qui
1738 2645 2024 2733 faciam,
2087 2651 2204 2719 cui
2257 2657 2615 2740 aegrotare

600 2766 745 2818 non
795 2748 1164 2820 videaris?
1231 2745 1548 2840 Plogus:
1612 2749 1760 2834 tac,
1810 2749 2000 2841 quod
2055 2747 2384 2841 postulo,
2434 2745 2615 2819 alias

600 2857 678 2919 te
732 2849 1236 2922 interfecturus
1287 2871 1464 2920 sum.
1567 2847 1992 2934 Sacerdote,
2046 2872 2249 2942 quam
2279 2848 2398 2920 *oh
2454 2870 2616 2920 cau-

596 2969 751 3020 sam
803 2951 987 3021 istoc
1054 2959 1373 3042 peteret,
1442 2952 1972 3041 interrogante,
2038 2948 2321 3042 Plogus
2390 2952 2458 3020 ei
2523 2971 2614 3021 se

600 3048 1155 3139 significaturum
1208 3052 1519 3141 negavit,
1573 3048 1740 3120 nihil
1791 3050 1880 3121 ad
1937 3072 2097 3122 eum
2135 3053 2460 3122 adtinere
2516 3051 2616 3120 di-

598 3162 796 3230 cens.
897 3147 1116 3241 Igitur
1170 3171 1331 3221 eum
1382 3150 1738 3221 sacerdos
1780 3172 2090 3244 corpore
2117 3151 2386 3224 Christi
2423 3156 2614 3224 eom,-

599 3253 997 3328 muuicavit.
1076 3247 1242 3340 Quo
1276 3249 1465 3320 facto
1521 3246 1644 3320 ille
1702 3251 2091 3325 detractum
2146 3274 2352 3323 mauu
2395 3274 2615 3324 anuu-

602 3350 746 3430 lum
800 3351 1161 3423 sacerdoti
1212 3352 1443 3436 dedit,
1514 3373 1763 3440 orans,
1832 3363 1910 3425 ut
1971 3357 2388 3445 ignosceret
2454 3353 2616 3439 sibi,

600 3453 795 3546 quod
869 3473 1027 3522 eum
1096 3455 1303 3529 minis
1368 3454 1766 3526 terruisset.
1868 3453 2054 3526 Post
2121 3454 2277 3526 hfaec
2330 3452 2616 3547 Plogus

600 3554 674 3621 in
725 3563 1149 3629 conventum
1201 3557 1600 3648 processit,
1666 3554 2026 3647 ingentem
2082 3556 2351 3629 hastam
2412 3577 2618 3626 manu

600 3661 900 3738 tenens,
955 3677 1195 3747 quam,
1257 3654 1555 3748 praefixo
1609 3658 1886 3750 cuspidi
1940 3655 2205 3748 tigillo,
2277 3657 2616 3728 deorsum?

598 3755 1088 3829 convertebat.
1189 3756 1484 3831 Veniam
1538 3760 1735 3850 regis
1800 3758 2109 3828 adeundi
2176 3761 2413 3851 petiit,
2475 3755 2618 3828 sibi

596 3860 964 3949 negotium
1024 3880 1193 3931 cum
1267 3879 1358 3928 eo
1430 3878 1604 3929 esse
1658 3878 1979 3947 causans.
2081 3857 2299 3931 Nulla
2351 3864 2619 3952 praetei·

600 3955 870 4031 hastam
924 3980 1114 4036 arma
1167 3969 1485 4052 gestanS,
1539 3980 1749 4052 quum
1805 3979 1900 4028 eo
1937 3956 2619 4056 adpropinquasset,

600 4058 832 4150 tigillo
888 4081 931 4130 e
983 4061 1279 4153 cuspide
1332 4063 1686 4152 impresso
1741 4060 1928 4152 pede
1972 4082 2313 4147 excusso,
2365 4080 2614 4151 regem

677 4190 781 4253 ’j'
767 4212 819 4242 m
860 4193 1054 4262 oppido
1092 4190 1254 4260 Ripis,
1293 4190 1426 4243 Saxo
1467 4189 1701 4245 Gramm.
1738 4212 1791 4265 p.
1832 4192 1955 4247 ⁴250.
