2950 4684
331 356 406 420 (3.,
439 331 543 420 10,
857 360 952 407 nn
998 360 1076 408 1²1
1087 360 1333 407 nans*
1355 358 1842 408 JoMBNSImIS.
2236 332 2357 420 m

333 550 450 612 cta
506 549 749 613 erant:
827 539 1187 612 Tenebris
1238 562 1417 612 vero
1471 540 1788 627 obortis,
1840 562 2008 613 vasa
2063 546 2350 637 aquaria

335 655 412 711 et
465 640 678 733 ligna,
728 644 897 732 igne
941 651 1146 727 tacta,
1197 643 1507 714 flammas
1562 645 1633 712 in
1688 642 1986 715 castella
2036 666 2350 739 moxque

331 744 405 811 in
458 745 954 813 munimentum
1012 753 1512 830 evomuerunt3
1593 744 1758 814 dein
1807 743 2001 817 aliud
2055 767 2150 816 ex
2206 745 2350 816 alio

332 846 503 933 igne
555 842 853 928 absumi,
905 866 1060 914 nam
1115 847 1609 914 munimentum
1664 848 2024 916 maximam
2079 855 2348 939 partem

334 943 553 1034 lignis
612 952 1049 1014 exstructum
1106 953 1275 1014 erat.
1394 942 1464 1014 Is
1517 943 1651 1015 fuit
1700 947 1806 1016 rei
1857 945 2057 1030 finiS,
2114 957 2192 1018 nt
2239 957 2347 1018 to-

333 1053 480 1115 tum
536 1046 1033 1123 munimentum
1090 1043 1453 1115 Danorum
1508 1066 1663 1115 cum
1718 1044 2039 1117 castellis
2089 1068 2174 1119 ea
2220 1067 2347 1118 no-

334 1154 456 1214 cte
545 1144 1064 1235 conflagraret,
1169 1166 1260 1217 ne
1345 1147 1645 1214 minimis
1714 1146 1994 1239 quidem
2077 1145 2350 1219 relictis

332 1247 708 1336 vestigiis3
778 1246 966 1337 quod
1036 1267 1202 1316 vasa
1268 1248 1588 1338 aquaria,
1621 1282 1628 1289 ·
1662 1248 1895 1337 ignem
1966 1248 2054 1317 ad
2127 1249 2348 1318 muni·-

333 1354 643 1415 mentnm
749 1345 1179 1430 deserentia,
1292 1345 1702 1416 effecerant.
1866 1345 2346 1421 Illuceseente

332 1466 540 1517 mane
607 1454 743 1515 tam
799 1445 1027 1519 effusa
1079 1445 1316 1539 pluvia
1372 1449 1635 1531 extitit,
1705 1454 1783 1516 ut
1848 1451 2053 1540 pauci
2105 1451 2346 1519 memi-

336 1550 653 1629 nissent,
732 1555 985 1619 tantam
1054 1568 1384 1640 aquarum
1453 1549 1588 1618 vim
1659 1547 1750 1616 de
1821 1547 2005 1619 coelo
2074 1551 2342 1637 ruisse3

335 1649 454 1739 qui
509 1646 777 1716 imbres
848 1645 986 1721 hoc
1053 1647 1450 1719 incendium
1518 1658 1653 1717 tam
1727 1652 2005 1739 penitus
2071 1652 2343 1721 exstin-

334 1755 615 1833 xerunt,
669 1757 744 1817 ut
792 1751 973 1819 vasti
1023 1750 1337 1819 cinerum
1392 1747 1651 1819 cumuli
1707 1749 2065 1842 extemplo
2115 1760 2344 1822 trans·-

333 1847 422 1918 iri
478 1858 811 1938 possent,
853 1850 1006 1942 qui,
1062 1851 1193 1919 nisi
1246 1847 1471 1918 imbre
1524 1852 1734 1942 sopiti
1793 1861 2064 1935 essent,
2116 1861 2343 1921 trans·-

242 1981 249 1987 ·
333 1949 421 2017 iri
475 1946 664 2019 haud
715 1947 921 2020 brevi
973 1952 1316 2043 temporis
1364 1952 1600 2040 spatio
1653 1954 2067 2041 potuissent.
2141 1950 2346 2040 ‚Qui-

336 2045 473 2118 hus
527 2049 853 2120 omnibus
905 2050 1439 2134 animadversis,
1492 2070 1625 2117 rex
1676 2048 2028 2121 Haraldus
2084 2059 2157 2120 et
2205 2050 2346 2121 Ha-

337 2148 482 2218 kon
548 2149 881 2240 dynasta,
956 2150 1193 2245 aliquo
1266 2160 1455 2219 metu
1526 2152 1898 2234 concussi,
1963 2151 2050 2220 ad
2123 2164 2348 2223 naves

336 2248 690 2322 recedunt
767 2250 1152 2344 fugientes.
1319 2248 1711 2343 Imperator
1798 2272 1979 2321 vero
2067 2273 2154 2322 ac
2227 2257 2346 2325 sui

334 2359 622 2441 pontes,
658 2353 914 2446 quihus
939 2352 1204 2424 fossam
1229 2354 1636 2444 junxerant,
1687 2356 2121 2443 transgressi
2150 2353 2348 2445 (inde

339 2453 520 2520 enim
568 2454 685 2531 ‚vis
738 2455 925 2523 venti
981 2454 1296 2527 ardentis
1351 2455 1751 2522 munimenti
1783 2453 2094 2525 flammas
2137 2474 2345 2526 aver·

338 2553 574 2645 terat),
629 2574 759 2646 per
783 2553 1085 2646 frigidos
1101 2557 1240 2645 jam
1277 2564 1349 2625 et
1379 2557 1776 2625 exstinctos
1800 2556 2086 2624 cineres
2113 2563 2344 2626 trans·

337 2654 641 2723 iverunt.
770 2655 858 2725 Hi
929 2677 1061 2748 per
1140 2664 1441 2747 quatuor
1501 2658 1639 2745 jam
1713 2654 1912 2738 dies,
1993 2654 2232 2725 auxilii
2301 2677 2345 2727 a

338 2750 507 2822 Deo
562 2758 1038 2849 omnipotente
1085 2754 1499 2847 impetrandi
1539 2757 1784 2845 gratia,
1825 2757 2347 2845 jejunaverant,

341 2856 582 2946 quinto
615 2867 846 2927 autem
893 2859 1009 2928 die
1062 2878 1102 2927 a
1156 2857 1582 2926 munimento
1614 2855 2003 2944 progressi,
2057 2873 2148 2923 eo
2176 2875 2346 2924 con-

339 2954 748 3042 tendebant,
800 2957 918 3031 ubi
968 2979 1054 3028 se
1123 2969 1328 3026 antea
1396 2975 1528 3026 rex
1580 2950 2037 3026 Danielis-et
2093 2954 2347 3027 Hakon

343 3052 645 3145 dynasta
700 3062 1206 3130 continuerant.
1310 3056 1474 3146 Quo
1516 3078 1672 3127 cum
1703 3058 2096 3143 venissent,
2145 3061 2349 3151 copia

340 3157 691 3246 pecudum
749 3181 888 3230 non
943 3157 1187 3244 defuit,
1240 3170 1651 3251 summaque
1706 3156 1835 3227 fuit
1880 3159 2348 3250 parandorum

341 3253 828 3330 alimentorum
884 3259 1210 3344 facultas3
1264 3257 1403 3328 hue
1458 3261 1642 3328 enim
1699 3256 2086 3349 compulsae
2127 3280 2348 3349 pecu-

346 3358 479 3430 des
528 3359 832 3448 fueraut,
885 3371 959 3433 ut
1010 3383 1049 3431 a
1100 3358 1432 3430 militibus
1486 3360 1932 3452 imperatoris
1984 3367 2154 3428 tutae
2205 3381 2348 3428 ma-

343 3471 615 3532 nerent.
717 3462 818 3533 Ut
867 3472 1098 3532 autem
1153 3459 1296 3530 illis
1349 3458 1550 3551 larga
1582 3457 2011 3551 suppetebat
2037 3458 2348 3530 frumen.-

343 3561 536 3633 taudi
586 3562 908 3649 facultas,
959 3565 1051 3633 ita
1105 3582 1243 3631 non
1297 3560 1670 3631 admodum
1723 3571 2196 3652 pepercerunt
2247 3560 2348 3631 fa·

281 3716 288 3724 .
346 3662 1143 3749 cultatibusDanorum,
1195 3664 1555 3753 pingvium
1584 3663 1823 3730 ovium
1855 3660 2134 3731 laniena
2176 3682 2347 3751 gau-

280 3759 295 3779 '
347 3764 624 3835 dentes.
740 3762 880 3855 Qui
936 3785 1093 3835 cum
1145 3762 1312 3831 Deo
1380 3759 1635 3829 laudes
1706 3781 1835 3852 pro
1899 3770 2038 3830 tam
2088 3762 2348 3850 insigni

344 3867 643 3935 victoria
698 3867 1149 3950 cecinissent,
1201 3864 1608 3952 imperator,
1661 3881 2009 3930 successu
2070 3857 2349 3945 consilii

346 3962 435 4035 ab
490 3962 660 4036 Olio
717 3966 855 4036 dati
911 3966 1157 4052 laetus,
1220 3981 1361 4055 quo
1433 3980 1709 4050 genere
1778 3968 1976 4029 ortus
2031 3966 2105 4028 et
2155 3962 2352 4053 cujas

347 4076 579 4153 esset,
632 4069 1114 4158 interrogavit.
1219 4061 1349 4132 Cui
1378 4056 1627 4131 Olius:
1681 4056 1864 4128 haud
1909 4058 2192 4146 diutiuS,
2229 4063 2353 4156 qni
