2950 4684
314 337 389 398 c,
423 334 721 401 106-103,
853 341 1219 390 msronm
1274 342 1793 393 xnnrtnnnmu.
2156 315 2334 406 819

313 524 692 620 plurimum
742 546 830 597 se
884 526 1324 613 continebat,
1401 527 1592 623 quod
1665 529 1999 623 oppidum
2070 551 2332 624 magno

312 628 556 699 studio
627 631 937 712 ornavit,
1016 638 1096 699 ut
1164 649 1255 700 eo
1309 632 1703 722 imperante
1754 629 1947 701 nulla
2001 640 2207 702 esset
2253 634 2330 702 in

314 735 462 801 tota
513 727 741 799 Dania
794 731 1044 800 civitas
1094 727 1411 823 amplior.
1513 728 1736 800 Muro
1787 728 2075 823 lapideo
2125 734 2327 826 oppi-

317 826 482 900 dum
534 828 1022 916 circumdedit,
1074 839 1152 900 ut
1200 839 1420 901 totum
1469 828 1709 901 solido
1746 852 1947 901 muro
1978 830 2329 903 inclusum

317 941 564 1016 esset,
629 933 747 1024 qui
801 929 1022 1022 longo
1074 939 1241 1023 post
1290 939 1615 1024 tempore
1668 940 2138 1002 conservatus
2192 941 2331 1003 est.

313 1028 604 1101 Eirikus
670 1029 1107 1102 Mansuetus
1172 1040 1337 1101 octo
1402 1052 1629 1102 annos
1695 1030 1945 1101 Daniae
1996 1052 2128 1101 rex
2178 1031 2331 1103 suit.

316 1127 485 1223 lpse
537 1151 625 1201 se
675 1152 907 1224 regno
959 1131 1311 1202 abdicavit
1365 1141 1439 1203 et
1489 1133 1560 1200 in
1610 1133 2114 1203 monasterium
2153 1146 2328 1204 con-

316 1233 559 1318 cessit,
611 1231 1147 1325 monachusque
1203 1230 1552 1303 Odinsoae
1604 1231 1811 1320 obiit3
1878 1235 2082 1325 cujus
2136 1254 2333 1304 mors

316 1331 595 1404 civibus
645 1353 984 1426 perquam
1038 1331 1362 1404 luctuosa
1413 1331 1563 1403 fuit.

735 1431 1036 1515 Initium
1091 1430 1391 1504 Sveinis
1438 1430 1691 1504 Eiriki
1730 1431 1890 1526 filii.

456 1598 459 1601 .
523 1527 690 1600 107.
793 1531 1039 1618 Svein,
1090 1533 1277 1605 filius
1329 1536 1531 1626 regis
1559 1534 1785 1604 Eiriki
1815 1532 2115 1617 Emunii,
2166 1539 2333 1624 post

317 1651 567 1724 regem
621 1631 936 1704 Eirikum
990 1632 1451 1706 Mansuetum
1503 1656 1635 1705 rex
1687 1638 1756 1704 in
1809 1633 2074 1703 Skania
2126 1653 2329 1703 crea·

316 1742 433 1805 tus
490 1742 633 1820 est3
686 1733 838 1805 Joti
891 1745 1125 1806 autem
1175 1745 1508 1807 crearunt
1539 1734 1873 1820 Knutum,
1926 1732 2137 1804 filium
2168 1733 2332 1804 Ma-

318 1836 440 1926 gni
491 1832 821 1920 Robusti,
874 1835 1154 1907 Nicolai
1205 1835 1347 1906 filii.
1449 1835 1838 1907 Valdemar
1864 1833 2082 1904 Knuti
2120 1832 2331 1918 filius,

318 1937 654 2027 princeps
729 1938 1123 2026 juventutis
1205 1936 1665 2026 designatuS‚
1746 1946 1915 2005 tunc
1990 1935 2333 2026 temporis

319 2055 658 2105 annorum
709 2035 961 2105 decem
1018 2045 1091 2105 et
1139 2045 1456 2128 septem,
1536 2038 1760 2126 magis
1819 2036 1906 2104 ad
1961 2034 2329 2104 amicitiam

319 2137 520 2226 regis
571 2132 886 2221 SveiniS,
939 2158 1141 2231 quam
1193 2134 1414 2206 Knuti
1458 2139 1680 2226 regis,
1711 2133 2119 2219 inclinabat;
2174 2153 2329 2203 nam

317 2236 675 2328 Magnus,
739 2247 943 2328 pater
992 2235 1252 2323 Knuti,
1331 2247 1646 2309 sanctum
1700 2235 2013 2307 Knutum
2063 2230 2329 2305 havur-

322 2337 527 2422 dum,
577 2347 847 2428 patrem
900 2337 1393 2422 ValdemariS,
1461 2358 1596 2431 per
1647 2336 1884 2408 dolum
1941 2355 2330 2428 oppresse-

320 2447 446 2508 rat.
548 2436 714 2507 Rex
768 2437 989 2510 Svein
1042 2449 1117 2511 et
1166 2459 1302 2508 rex
1352 2437 1638 2508 Knutus
1691 2437 1952 2507 diutina
2002 2434 2193 2506 bella
2224 2437 2330 2505 in·-
2373 2494 2392 2500 ,

319 2546 434 2608 ter
482 2558 568 2608 se
619 2549 1022 2631 gesserunt.
1147 2537 1462 2610 Primum
1516 2536 1837 2631 proelium
1888 2536 1976 2607 ad
2031 2534 2333 2628 Slanga-

324 2636 637 2730 torpum1
695 2643 1233 2725 commiserunt,
1285 2660 1426 2733 quo
1480 2637 1731 2731 proelio
1784 2659 1919 2706 rex
1956 2636 2183 2708 Svein
2229 2637 2335 2708 vi-

325 2740 617 2810 ctoriam
669 2744 1081 2835 reportavit,
1134 2760 1267 2810 rex
1321 2737 1607 2810 Knutus
1656 2742 1728 2809 in
1755 2736 2015 2809 Jotiam
2044 2735 2333 2828 aufugit.

1080 2840 1202 2912 De
1250 2836 1567 2934 restibus.

528 2937 696 3009 108.
797 2939 956 3010 Hoc
1025 2949 1347 3036 tempore
1417 2939 1597 3010 urbe
1666 2936 2335 3030 Hierosolymorum

324 3037 414 3110 ab
468 3037 765 3109 ethnicis
823 3039 1218 3114 hominibus
1273 3050 1714 3134 expugnata,
1777 3041 1996 3109 nuntii
2050 3036 2139 3108 ab
2189 3035 2336 3108 Eu·

326 3140 544 3231 genio
594 3136 794 3232 Papa
844 3153 1230 3229 venerunt,
1301 3152 1379 3212 ut
1429 3141 1788 3212 christiani
1841 3142 2076 3211 crucis
2126 3140 2336 3230 signo

324 3248 558 3311 sumto
573 3237 1143 3334 Hierosolymam
1160 3241 1787 3336 proficiscerentur
1819 3249 1891 3310 et
1920 3263 2076 3312 cum
2109 3237 2337 3310 ethni-

324 3342 431 3411 cis
482 3341 971 3433 confligerent.
1088 3343 1311 3436 Cujus
1366 3344 1846 3436 expeditionis
1905 3343 2152 3411 socius
2215 3340 2340 3407 im-

325 3450 617 3534 perator
667 3463 953 3536 quoquc
987 3442 1363 3515 Conradus
1394 3443 1625 3514 sactus
1671 3452 1805 3512 est.
1909 3438 2191 3530 Quibus
2220 3457 2338 3508 re-

324 3540 463 3612 bus
514 3544 585 3611 in
638 3542 939 3613 Daniam
980 3543 1312 3636 perlatis,
1367 3553 1671 3636 uterque
1726 3562 1859 3610 rex
1922 3542 2343 3610 societatem

325 3639 538 3732 liujus
593 3642 1061 3733 profectionis
1119 3646 1491 3737 expetivit3
1544 3646 1639 3714 ita
1669 3643 1849 3713 enim
1885 3662 2061 3735 papa
2093 3641 2343 3711 edixe-

325 3749 436 3811 rat
488 3750 563 3810 et
612 3740 752 3812 Dei
808 3747 1091 3815 nomine
1144 3743 1509 3838 pollicitus
1560 3743 1817 3829 suerat,
1869 3741 2030 3812 fore
2081 3751 2194 3827 ut,
2245 3740 2345 3809 si·

329 3839 470 3911 mul
524 3850 603 3912 ut
655 3845 960 3938 quisque
1011 3848 1290 3939 signum
1357 3848 1595 3916 crucis
1658 3844 1747 3914 ad
1818 3841 2347 3935 expeditionem

327 3962 601 4013 sacram
657 3938 1181 4039 suscipiendam
1235 3948 1658 4029 sumsisset,
1742 3940 2109 4025 omnihuS,
2185 3952 2346 4048 guae

404 4076 454 4145 ¹)
491 4079 706 4144 Saroni,
743 4081 1148 4152 “slangetorp,
1183 4085 1369 4139 ruralis
1406 4081 1685 4136 Sialauffioe
1720 4075 1902 4145 villu„
1940 4096 2082 4133 nunc
2104 4074 2349 4144 slange-

330 4184 468 4238 rupf
510 4171 893 4244 stringebat-p,
933 4177 991 4229 S,
