2950 4684
340 349 418 413 c.
445 347 667 415 47-48.
867 352 966 399 nn
1014 349 1323 400 mnam
1345 301 1845 400 *sumeremus
2180 323 2345 412 1⁴1
2453 376 2460 382 .

338 517 671 619 Eirikus3
718 552 956 625 neque
1007 531 1384 603 occideris.
1487 530 1735 625 Itaque
1785 551 1967 625 pace
2018 534 2349 609 donatum

337 636 410 703 in
466 632 838 704 cohortem
888 653 1087 703 suam
1139 632 1230 702 ad
1296 652 1384 702 se
1434 652 1755 725 squuc
1806 635 2079 725 recipit.
2182 633 2351 726 Quo
2473 707 2486 719 ,

198 769 209 774 ·
337 737 524 823 viso,
573 732 828 803 Hakon
882 732 1182 823 dynasta
1234 729 1421 802 hunc
1469 734 1543 801 in
1569 731 1855 803 modum
1883 732 2171 805 locutus
2201 746 2350 808 estz

338 834 615 918 nescio,
665 834 905 925 inquit,
957 833 1125 926 quid
1178 834 1431 928 agiteS,
1486 833 1601 924 qui
1660 828 1827 903 huic
1864 831 2126 904 homini
2163 835 2352 909 velis

338 931 892 1004 incolumitatem
949 932 1396 1016 concedere,
1457 934 1620 1024 qui,
1685 944 2004 1024 quantam
2060 935 2353 1024 juvenis

339 1033 468 1104 ille
521 1035 669 1118 vir,
722 1035 998 1102 max-imi
1052 1031 1260 1103 uobis
1312 1031 1486 1108 mali,
1529 1040 1801 1117 auctor,
1853 1033 2351 1108 contumeliam

344 1144 422 1204 ct
470 1135 921 1224 ignominiam
971 1131 1178 1203 nobis
1218 1130 1579 1219 -attulerit3
1634 1153 1870 1225 neque
1898 1144 2132 1203 tamen
2178 1157 2348 1206 con-

340 1235 591 1305 venire
661 1241 867 1324 puto,
950 1241 1028 1302 ut
1100 1229 1456 1302 hominem
1523 1234 1595 1302 vi
1660 1230 1791 1304 abs
1863 1241 1938 1302 te
2007 1244 2351 1325 repetam,

342 1352 565 1426 quare
618 1352 741 1402 res
789 1335 859 1401 in
915 1334 1250 1423 praesenti
1301 1340 1426 1402 tuo
1480 1330 1821 1402 arbitratu
1870 1332 2006 1403 fiat.
2106 1331 2351 1428 ltaque

342 1431 687 1504 voluntati
747 1431 970 1518 Eiriki
1033 1432 1307 1517 datum,
1386 1439 1465 1501 ut
1529 1451 1653 1502 res
1737 1452 1886 1524 quo,
1950 1442 2105 1503 crat
2183 1433 2350 1507 loco

339 1541 680 1603 maneret.
781 1531 1046 1602 Verum
1112 1528 1461 1601 Thorkeli
1522 1526 1758 1601 Leirae
1810 1529 2066 1602 Hakon
2128 1533 2350 1625 dyna-

341 1641 486 1703 sta:
555 1651 694 1721 age
746 1652 965 1717 vero,
1027 1628 1356 1702 homines
1406 1629 1749 1701 celeriter
1792 1633 2132 1704 occidere
2183 1655 2349 1726 per-

342 1734 514 1822 gito.
630 1731 922 1802 Eirikus
989 1732 1448 1823 interposuitz
1505 1733 1646 1822 jam
1717 1751 1858 1801 non
1924 1742 2088 1803 ante
2158 1741 2349 1805 occi-

343 1832 632 1915 dentur,
715 1851 921 1924 quam
990 1850 1124 1901 eos
1184 1829 1433 1903 verbis
1503 1829 2071 1922 compellavero,
2158 1837 2350 1905 scire

344 1933 528 2001 enim
585 1933 819 2021 cupio,
870 1933 1146 2023 quinam
1199 1933 1502 2022 quisque
1556 1949 1800 1999 eorum
1854 1933 1965 2001 sit.

542 2026 661 2098 48.
736 2028 1018 2100 Interea
1064 2031 1498 2121 captivorum
1552 2028 1810 2119 aliquis
1860 2027 2165 2099 vinculis
2220 2051 2349 2100 ex-

341 2129 668 2214 solvitur,
720 2133 921 2221 cujus
973 2129 1204 2221 pedes
1254 2127 1424 2198 fune
1451 2124 1764 2197 nonnihil
1797 2128 2350 2220 implicabantur,

341 2239 421 2300 ut
471 2228 897 2321 aliquantum
966 2227 1282 2321 impediti
1349 2226 1769 2311 haererent„
1829 2227 1969 2299 Hic
2037 2231 2141 2299 vir
2203 2251 2347 2301 ma-

343 2351 481 2421 gna
537 2338 690 2399 erat
738 2338 1006 2400 statura
1060 2337 1134 2399 et
1188 2326 1525 2420 pulcher,
1589 2337 1798 2398 aetate
1841 2328 2144 2419 juvenili
2197 2332 2346 2400 exi-

342 2431 623 2521 miaque
674 2427 1108 2500 fortitudinis
1159 2431 1428 2521 specie.
1534 2424 1675 2516 Qui
1728 2449 1771 2497 a
1820 2426 2191 2499 Thorkele
2244 2432 2349 2499 in-

342 2537 775 2618 terrogatuS,
828 2549 970 2622 quo
1023 2528 1251 2598 animo
1279 2535 1577 2598 mortem
1609 2538 2103 2620 exspectaret:
2156 2529 2348 2600 hono
2445 2575 2458 2581 -

344 2629 709 2722 equidem,
770 2630 1026 2719 inquit,
1088 2630 1154 2698 si
1209 2630 1513 2719 exsequi
1565 2636 1769 2697 antea
1822 2637 2063 2699 votum
2116 2650 2351 2699 meum

342 2747 655 2820 possem.
755 2726 1043 2800 Eirikus
1098 2726 1399 2819 dynasta
1447 2723 1728 2796 locutus
1782 2736 1930 2796 est:
1981 2728 2176 2818 quod
2226 2727 2355 2797 tihi

344 2847 640 2910 nomen,
693 2829 951 2919 inquit,
1002 2835 1122 2897 aut
1171 2826 1522 2918 quodnam
1574 2833 1813 2894 votum
1866 2832 1982 2894 est
2032 2847 2074 2895 a
2123 2834 2197 2895 te
2248 2825 2353 2896 fa·

343 2935 571 3011 ctum,
638 2926 829 3018 quod
903 2928 1220 3019 inprimis
1273 2923 1570 2995 confieri
1618 2927 1909 3016 cupias,
1977 2933 2352 3019 antequam

341 3034 640 3096 mortem
697 3025 968 3096 obeas?
1047 3023 1220 3095 Ille:
1274 3045 1530 3096 nomen
1583 3022 1750 3094 mihi
1801 3034 1917 3095 est
1965 3024 2196 3115 Vaga,
2245 3027 2351 3096 in·-

344 3125 512 3217 quit,
565 3133 639 3198 et
690 3123 879 3196 filius
929 3145 1087 3196 sum
1123 3123 1289 3194 Akii
1337 3122 1736 3196 Palnatokii
1789 3124 1914 3196 filii
1966 3125 2058 3195 de
2082 3122 2352 3212 Fiouia,
2391 3167 2394 3172 ·

343 3227 453 3296 sic
517 3224 842 3296 traditum
910 3223 1077 3298 mihi
1143 3234 1273 3296 est.
1374 3224 1699 3298 Eirikus:
1767 3224 1933 3316 quid
2000 3227 2147 3295 voti
2218 3236 2353 3311 est,

344 3324 537 3414 quod
591 3323 865 3410 fesisti‚
931 3323 1178 3416 Vagn,
1246 3344 1388 3416 quo
1453 3345 1547 3394 ex
1600 3327 1954 3394 sententia
2021 3323 2353 3395 confecto

345 3432 420 3492 et
469 3426 787 3514 praestito
840 3434 1140 3496 mortem
1193 3422 1316 3496 tibi
1346 3422 1823 3514 exoptabilem
1877 3421 2038 3492 ais?
2089 3420 2354 3492 Votum

341 3520 525 3606 feci,
593 3526 817 3614 inquit
866 3522 1112 3612 Vagn,
1176 3541 1325 3606 me,
1391 3525 1457 3592 si
1508 3524 1580 3590 in
1628 3521 2065 3612 Norvegiam
2117 3524 2350 3600 veni-s,-

344 3640 540 3705 sem,
594 3620 856 3696 lectum
905 3619 1366 3711 Ingihjargae,
1434 3618 1824 3690 Thorkelis
1871 3618 2111 3691 Leirae
2165 3620 2354 3708 filiae,

342 3720 504 3810 ipso
556 3722 1033 3816 omnibusque
1086 3722 1413 3810 cognatis
1461 3721 1719 3805 invitiS,
1770 3741 2354 3805 conscensurum,

341 3815 604 3912 [ipsum
669 3840 844 3891 vero
912 3815 1518 3904 interfecturum13
1588 3840 1748 3912 quae
1813 3823 1912 3904 si,
1979 3828 2354 3909 antequam

416 3971 463 4041 1)
499 3974 572 4027 εἷο
612 3973 692 4034 R,
733 3975 899 4028 omitt.
938 3978 1001 4027 A.
1073 3975 1291 4046 Reliqua
1344 3994 1462 4044 pars
1518 3973 1746 4025 historIae
1783 3974 1849 4025 dc
1884 3971 2058 4041 piratis
2093 3972 2357 4024 Jomensi-

343 4065 440 4116 bus
477 4081 646 4118 sumta
685 4082 760 4120 est
796 4088 853 4120 cx
891 4066 1027 4120 Cod.
1060 4065 1158 4132 Ε,
1194 4087 1312 4120 cum
1351 4086 1488 4132 una,
1528 4084 1641 4136 quae
1678 4078 1860 4130 restat,
1894 4062 2081 4133 pagina
2117 4062 2248 4116 Cod.
2290 4067 2354 4128 A,

344 4175 551 4211 omnem
589 4177 735 4228 pene
771 4159 1042 4213 lectionem
1077 4159 1311 4230 refugiat.
