2950 4684
295 343 378 405 c.
415 341 522 405 29.
838 346 935 393 nn
991 347 1298 394 mna-ns
1335 348 1816 397 som-:nemost
2202 324 2323 413 ω

296 531 689 601 instituunt.
789 528 963 600 Eam
1009 532 1250 601 ineunt
1282 535 1654 618 rationem,
1705 539 1785 603 ut
1823 528 2011 603 tres¹
2069 552 2318 619 navem

296 634 614 723 ingentis
667 631 1164 723 magnitudinis
1216 650 1490 718 omneS,
1539 642 1979 725 comparent,
2032 632 2163 705 bas
2211 637 2317 706 vi-

297 735 404 802 ris
456 729 816 828 [ducentis
882 741 956 801 et
1007 731 1508 826 quadraginta²
1558 736 1937 820 instruant,
2014 755 2316 829 eamque

298 853 578 902 manum
632 852 836 927 quam
890 835 1384 925 exquitissime
1416 843 1691 906 ornent.
1793 833 1983 905 Dein
2012 837 2121 905 ire
2154 856 2315 929 per·

297 942 500 1026 gunt,
555 933 787 1005 donee
837 936 906 1003 in
948 930 1354 1004 Selandiam
1399 939 1918 1027 pervenissent.
2017 933 2154 1007 Hie
2181 938 2317 1007 trin

194 1060 201 1066 ·
298 1032 866 1126 opulentissima,
919 1055 1077 1127 quae
1125 1033 1438 1106 Haraldo
1492 1034 1818 1128 dynastae
1856 1045 2082 1120 eraut,
2133 1057 2314 1130 prae-

298 1135 416 1205 dia
469 1134 818 1228 diripiunt.
923 1132 1091 1224 Quo
1141 1134 1368 1222 facto,
1436 1135 1557 1207 filii
1612 1137 1891 1208 Vesetii
1958 1156 2118 1208 eum
2181 1134 2317 1208 bae

294 1238 570 1326 ing-enti
622 1235 886 1328 praeda,
941 1257 1144 1329 quam
1177 1258 1386 1308 nune
1428 1241 1978 1331 acquisiverant,
2032 1237 2315 1309 domum

296 1345 776 1433 revertuntur.
879 1334 1013 1407 Hae
1063 1357 1188 1408 res
1241 1337 1583 1408 celeriter
1633 1339 1718 1409 ad
1747 1334 2314 1409 Strutharaldum

297 1436 673 1528 dynastam
723 1435 1055 1530 perlatae,
1125 1435 1499 1530 spoliatum
1570 1459 1781 1525 esse,
1849 1440 1983 1509 tria
2052 1438 2316 1531 praedia

299 1540 463 1629 eJus
517 1536 1061 1629 opulentissima
1114 1537 1423 1632 direpta,
1492 1561 1652 1634 qua*
1714 1537 2051 1633 praedieta
2107 1541 2173 1608 ei
2226 1538 2313 1610 nb

299 1658 484 1730 rege
553 1637 894 1723 fuissent,
973 1641 1042 1708 in
1113 1644 1518 1711 memoriam
1590 1649 1952 1711 revocant.
2065 1638 2314 1734 ltaque

300 1740 508 1809 mittit
557 1738 646 1809 ad
697 1754 970 1831 regem,
1022 1743 1084 1810 si
1136 1738 1325 1811 sorte
1373 1741 1551 1812 vetit
1600 1759 1686 1812 se
1740 1743 2197 1833 interponere
2224 1742 2314 1812 ad

300 1842 596 1930 gratiam
648 1841 835 1910 inter
887 1860 1021 1911 eos
1056 1841 1692 1930 reconciliandam3
1743 1863 1830 1914 se
1863 1862 2051 1911 nune
2089 1840 2313 1915 liben-

299 1949 417 2010 ter
464 1938 661 2011 velle
713 1958 864 2010 rem
924 1961 1016 2010 ex
1069 1945 1228 2032 eJus
1284 1941 1576 2013 arbitrio
1631 1945 1945 2033 transigi.
2050 1941 2149 2011 At
2180 1960 2315 2012 rex

298 2040 732 2134 respondet:
777 2045 919 2133 jam
955 2040 1311 2113 Haraldus
1364 2042 1666 2133 dynasta
1691 2042 1901 2112 bonis
1952 2040 2094 2111 illis
2145 2062 2314 2111 con-

295 2140 477 2211 siliis
528 2144 695 2212 suis
739 2151 1001 2230 utatur3
1055 2163 1199 2234 ego
1253 2164 1436 2213 nune
1488 2143 1668 2213 bane
1719 2162 1867 2211 rem
1922 2163 1962 2212 a
1995 2162 2107 2210 me
2144 2139 2314 2211 alie-

299 2262 456 2312 nam
511 2240 798 2334 putabo,
868 2263 1102 2337 neque
1152 2246 1373 2329 enim,
1444 2265 1606 2314 eum
1657 2244 1750 2315 de
1805 2265 1891 2314 ea
1943 2240 2312 2336 colloque-

298 2340 585 2428 bamur,
648 2344 929 2436 quando
997 2364 1122 2415 res
1189 2348 1482 2416 utinoris
1550 2347 1882 2417 momenti
1946 2342 2313 2435 agebatur,

297 2447 481 2514 meis
531 2445 630 2514 uti
685 2443 1006 2515 consiliis
1058 2443 1317 2532 voluit3
1393 2449 1634 2539 itaque
1686 2468 1871 2517 nune
1932 2465 2140 2516 suum
2191 2465 2313 2515 so-

300 2543 441 2615 lius
495 2544 850 2616 arbitrium
902 2548 1066 2637 ipse
1092 2554 1456 2639 sequatur,
1511 2568 1654 2638 ego
1706 2566 1884 2617 vero
1919 2543 2161 2616 nullus
2199 2567 2313 2617 me

299 2648 758 2738 interponam.
862 2644 1198 2719 Redeunt
1247 2648 1337 2718 ad
1383 2647 1752 2739 dynastam
1805 2645 2047 2739 iegati,
2099 2649 2313 2739 eique

303 2766 649 2838 respousa
702 2748 901 2837 regis
951 2750 1370 2819 renuntiant.
1453 2746 1699 2841 Itaque
1732 2757 1982 2818 nostro
2010 2744 2313 2816 consitio

303 2868 424 2917 res
452 2849 889 2940 peragenda,
934 2851 1159 2941 inquit
1194 2850 1517 2939 dynasta,
1570 2845 2142 2940 quandoquidem
2181 2865 2313 2915 rex

300 2949 583 3042 quietus
634 2946 800 3021 huie
852 2969 1091 3020 causae
1147 2949 1485 3019 adsidere
1542 2952 1751 3042 eupit.
1850 2946 2010 3019 Jam
2066 2945 2312 3017 Haral·

298 3049 434 3119 dus
487 3048 789 3141 dynasta
840 3050 1094 3120 decem
1149 3068 1370 3123 naves
1425 3059 1806 3143 comparat,
1871 3050 2186 3143 virisque
2239 3058 2316 3119 et

296 3151 510 3220 armis
562 3149 1107 3242 diligentissime
1159 3154 1468 3239 iustruit3
1524 3173 1680 3222 eum
1712 3150 1846 3221 bae
1875 3148 2116 3221 classe
2147 3168 2311 3242 pro·

296 3248 532 3323 fectus
600 3254 725 3322 ire·
763 3254 1036 3344 pergit,
1121 3252 1356 3323 donee
1426 3254 1515 3321 ad
1568 3248 2311 3343 Borgundarholmum

296 3353 602 3423 veniunt„
707 3351 838 3424 Hie
890 3356 1336 3426 exscendunt
1385 3356 1456 3423 in
1510 3364 1795 3436 terram,
1846 3352 1977 3422 tria
2025 3350 2314 3442 praedia,

296 3474 456 3546 quae
507 3451 815 3524 Vesetto
842 3464 1065 3540 erant,
1117 3456 1418 3547 direptis
1472 3464 1679 3525 antea
1730 3474 1770 3523 a
1823 3449 1988 3522 tiliis
2031 3450 2311 3522 Vesetii

298 3573 437 3623 non
493 3552 885 3640 deteriora,
959 3554 1310 3645 diripiant.
1412 3554 1575 3643 Qua
1629 3563 1824 3647 parta
1879 3552 2121 3645 praeda
2172 3551 2313 3622 Ha-

295 3651 541 3724 rnldus
602 3654 912 3747 dynasta
958 3656 1033 3724 in
1076 3650 1510 3724 ‘Selandiam
1581 3656 2003 3739 revertitur,
2065 3652 2311 3724 eondi-

294 3775 500 3846 gnam
530 3753 871 3827 ultionem
905 3775 993 3826 se
1045 3754 1181 3825 hae
1235 3753 1681 3846 profectione
1725 3754 2126 3825 obtinuisse
2161 3752 2312 3821 exi-

293 3857 603 3927 sfimans.
722 3854 924 3927 Haud
992 3854 1285 3947 longum
1353 3852 1521 3922 inde
1585 3860 1870 3948 tempus
1937 3853 2312 3924 transiisse

290 3956 570 4042 dieitur„
618 3976 782 4028 cum
815 3955 1163 4029 Vesetius
1191 3958 1324 4028 ista
1354 3956 1753 4045 cognoscit,
1797 3972 2074 4022 omnem
2112 3950 2316 4037 hane,

292 4079 451 4151 qnae
517 4057 703 4131 saeta
790 4067 980 4143 orat,
1074 4056 1417 4128 bonorum
1453 4096 1459 4115 ι
1481 4057 1860 4146 jacturam3
1943 4072 2164 4144 quare
2241 4052 2315 4124 id

375 4190 422 4259 ι>
458 4207 701 4268 quatuor,
738 4193 955 4259 (verius,
992 4191 1172 4264 puto),
1225 4190 1395 4280 BQF.
1489 4191 1545 4259 ²)
1580 4187 1814 4244 trecentis
1851 4201 1903 4242 et
1933 4187 2209 4260 sexaginta,
2248 4187 2314 4239 B.
