2950 4684
587 320 766 411 a
1051 342 1147 395 ΒΕ.
1201 341 1511 393 ιιΑιοιειι
1564 341 2141 393 unnnnrluo.
2355 337 2431 402 c,
2462 339 2607 403 ια,

586 529 854 616 milies,
906 529 1043 600 etsi
1090 525 1251 599 baec
1301 523 1677 601 molestius
1725 525 1985 611 ferret,
2036 538 2270 599 tamen
2327 547 2603 613 amore,

587 653 731 729 quo
787 651 948 701 eum
999 626 1595 723 prosequebatur,
1645 625 1951 699 adducta
1999 628 2190 698 votis
2215 630 2440 699 mariti
2466 627 2600 699 ob·-

584 733 923 827 sequitur.
1025 728 1240 820 Quod
1296 729 1720 813 convivium,
1765 736 2019 821 quanta
2073 749 2421 821 nunquam
2472 750 2600 799 aa·

588 844 729 920 tea,
777 830 1179 924 frequentia
1230 831 1683 901 convivarum
1739 825 2202 914 celebratum,
2254 838 2598 923 tantoque

585 933 827 1008 studio
895 933 1228 1023 agitatum
1300 940 1449 1016 est,
1547 938 1623 1001 ut
1686 929 2224 1001 discursantium
2292 933 2601 1024 strepitu
2729 962 2749 970 ·

588 1036 819 1107 omnia
848 1040 1289 1103 resonarent.
1387 1030 1650 1101 Ultima
1683 1032 1988 1102 convivii
2016 1049 2345 1123 vespera,
2382 1053 2597 1124 quum

586 1133 935 1230 postridie
1004 1153 1208 1203 mane
1275 1152 1318 1201 a
1381 1133 1714 1202 convivio
1784 1129 2296 1203 discedendum
2373 1139 2599 1216 esset,

586 1239 658 1308 in
710 1233 991 1306 multam
1046 1242 1326 1304 noctem
1378 1240 1687 1325 potatum
1744 1240 1893 1319 est3
1950 1240 2025 1303 et
2074 1229 2260 1303 finita
2311 1232 2597 1303 tandem

588 1336 1111 1429 compotatione
1162 1335 1489 1405 convivae
1523 1353 1725 1405 mero
1754 1330 2078 1405 inebriati
2102 1331 2410 1404 cubitum
2444 1336 2597 1404 ive-

585 1447 767 1509 runt.
868 1433 1120 1505 Hakon
1173 1437 1243 1505 in
1295 1433 1488 1506 lecto
1542 1432 1793 1509 clauso
1843 1432 2258 1504 dormiebat.
2362 1431 2597 1524 Quum

586 1540 937 1630 conjuges
987 1535 1246 1607 lectum
1299 1534 1932 1619 conscendissent,
2009 1536 2303 1605 maritus
2353 1537 2597 1605 uxori:

587 1638 951 1721 meruisti,
1012 1638 1269 1728 inquit,
1340 1633 1749 1706 dulcissima
1801 1636 2103 1726 conjux,
2183 1643 2260 1704 ut
2309 1642 2383 1704 te
2437 1657 2598 1706 cum

586 1757 766 1810 vero
817 1756 1059 1807 amore
1111 1734 1389 1807 blandis
1455 1735 1698 1806 verbis
1763 1733 2125 1830 alloquar,
2203 1742 2365 1827 quae
2435 1735 2600 1807 mibi

591 1848 727 1910 tam
791 1835 1003 1908 facile
1057 1836 1473 1931 obsequium
1534 1845 1608 1906 et
1670 1834 2171 1927 indulgentiam
2219 1837 2296 1904 in
2350 1846 2599 1908 nostro

592 1941 924 2011 convictu
981 1937 1435 2024 exhibueris3
1491 1960 1702 2031 quum
1758 1954 1900 2028 ego
1952 1945 2201 2008 contra
2229 1935 2598 2009 molestias

588 2040 715 2113 tibi
770 2038 1163 2125 exhibeam,
1217 2037 1511 2133 primum
1566 2038 1756 2132 quod
1811 2059 1973 2108 meo
2003 2037 2231 2109 solius
2263 2037 2599 2110 arbitratu

589 2143 912 2226 vixerim,
964 2141 1364 2234 deindeque
1416 2143 1705 2232 insuper
1758 2138 1922 2225 hoe,
1973 2140 2160 2232 quod
2216 2136 2337 2211 vel
2373 2140 2599 2231 magis

590 2252 782 2313 tuum
851 2250 1457 2334 cognatorumque
1527 2261 1844 2311 meorum
1931 2249 2004 2310 et
2068 2239 2598 2313 coalumnorum

589 2343 885 2415 animum
941 2339 1321 2411 sollicitum
1376 2339 1698 2411 babebit:
1753 2343 2092 2425 nimirum,
2144 2363 2357 2435 quum
2400 2338 2600 2412 nullo

589 2451 800 2540 pacto
853 2442 1108 2512 adduci
1158 2442 1463 2533 possim,
1540 2449 1619 2510 ut
1680 2443 1750 2511 in
1801 2441 1936 2513 hac
1984 2443 2208 2533 patria
2261 2461 2418 2512 mea
2473 2441 2601 2513 de-

593 2564 793 2637 gam,
872 2563 963 2612 eo
1017 2542 1492 2627 descendam,
1572 2549 1652 2613 ut
1709 2539 1845 2612 bac
1911 2544 2064 2635 ipsa
2129 2551 2342 2614 nocte
2394 2541 2603 2613 solus

593 2644 772 2716 clam
826 2642 1219 2735 aufugiam,
1293 2665 1453 2736 quae
1507 2663 1841 2714 me-sors
1893 2663 2221 2714 mansura
2269 2645 2404 2729 sit,
2453 2641 2603 2714 Dei

591 2744 883 2817 arbitrio
936 2746 1371 2838 permittens.
1477 2740 1631 2813 Sed
1684 2743 1828 2814 duo
1880 2753 2083 2829 sunt,
2134 2762 2293 2836 quae
2344 2743 2475 2815 abs
2523 2753 2601 2815 te

590 2855 861 2941 petam:
938 2867 1188 2929 unum,
1254 2853 1334 2915 ut
1383 2841 1694 2914 claustra
1778 2843 1951 2916 lecti
2016 2862 2220 2914 mane
2287 2846 2601 2915 crastino

591 2949 832 3018 serius
882 2966 1202 3029 reseres,
1249 2965 1403 3014 nam
1459 2964 1550 3014 eo
1603 2942 1890 3037 longius
1935 2948 2237 3039 spatium
2269 2942 2602 3015 elabendi

591 3047 894 3139 quaesito
949 3053 1119 3131 erit3
1172 3044 1509 3133 alterum,
1558 3054 1634 3139 ut
1682 3066 1798 3116 me
1853 3053 2243 3139 exspectes
2297 3067 2381 3117 ea
2433 3043 2603 3131 fide,

591 3165 794 3237 qnam
850 3141 974 3212 tibi
1026 3146 1159 3236 ipsi
1211 3145 1532 3236 praestari
1582 3143 1785 3217 velis.
1888 3145 2018 3218 His
2072 3147 2284 3217 dictis
2321 3145 2444 3218 illa
2470 3165 2600 3217 ve-

592 3242 968 3314 hementer
1032 3252 1104 3313 et
1174 3242 1437 3314 acerbe
1504 3242 1715 3315 flevit.
1831 3244 2222 3341 Postquam
2288 3246 2602 3318 lacrimis

593 3343 843 3416 oscula
894 3346 1546 3430 intermiscuerant,
1597 3346 1831 3417 media
1880 3347 2040 3419 sere
2093 3357 2307 3420 nocte
2360 3348 2603 3440 digre-

594 3444 903 3533 diuntur3
956 3442 1080 3516 ille
1131 3466 1491 3538 suspenso
1543 3447 1769 3539 gradu
1823 3469 1865 3517 e
1897 3447 2063 3519 villa
2096 3451 2265 3534 exit,
2318 3468 2404 3519 se
2436 3467 2602 3540 pro·

590 3547 779 3617 tinus
829 3548 902 3615 in
950 3544 1198 3618 siluam
1268 3567 1490 3639 prope
1559 3550 1759 3618 sitam
1820 3547 2134 3636 confert,
2213 3569 2446 3642 usque
2509 3547 2603 3618 ad

590 3643 828 3717 lucem
878 3647 987 3717 ire
1040 3660 1486 3740 perseverat,
1539 3647 1963 3743 deindeque.
1993 3671 2167 3721 sese
2220 3647 2551 3719 occultat.

793 3743 862 3816 2.
994 3744 1149 3819 Sed
1189 3748 1306 3819 ad
1373 3747 1607 3820 villam
1677 3750 2199 3822 revertendum.
2328 3746 2605 3821 Famuli

591 3844 929 3942 multique
980 3847 1397 3920 colonorum
1447 3860 1611 3921 ante
1661 3848 1920 3921 lectum
1952 3839 2292 3922 ‘Hakonis
2321 3852 2392 3920 in
2425 3845 2603 3920 mul-

590 3959 730 4020 tam
795 3946 1029 4020 lucem
1080 3948 1709 4042 praestolabantur,
1791 3950 2314 4023 matrefamilias
2377 3947 2603 4022 silen-

590 4051 763 4120 tium
813 4048 1264 4122 observante.
1366 4048 1652 4122 Interim
1705 4061 2027 4123 mussant
2075 4055 2263 4125 inter
2291 4072 2403 4137 se,
2458 4048 2603 4120 fla·

589 4148 851 4220 konem
903 4148 1091 4222 baud
1146 4149 1362 4225 dubie
1411 4149 1649 4225 adhue
1700 4150 2035 4243 dormire,
2084 4153 2303 4246 longa
2358 4147 2603 4242 vigilia
