2950 4684
339 335 505 400 (1.4.
809 346 906 395 nn
963 345 1269 394 naxon:
1323 345 1620 394 nummu
1671 347 1901 395 muro.
2174 322 2350 412 δῇ

339 533 622 603 tertium
702 528 964 625 “Pater
1025 528 1308 601 noster”
1395 532 1463 600 in
1546 533 1950 603 memoriam
2032 530 2344 629 Spiritus

338 628 583 703 Sancti
633 634 921 703 recites.
1024 627 1190 720 Quo
1243 630 1430 702 facto
1481 633 1546 702 si
1597 641 1670 703 te
1725 632 2045 724 ejusdem
2076 633 2342 711 facino·

336 734 440 803 ris
490 733 809 825 patrandi
861 731 1205 823 cupiditas
1258 733 1462 801 etiam
1518 741 1663 802 tum
1696 741 1959 819 teneat,
2008 736 2344 827 patrabiS,

336 835 475 903 nisi
524 832 736 904 Deus
799 829 1176 925 probibeat
1252 842 1326 902 et
1397 829 1658 923 aliquid
1729 832 1965 907 solatii
2048 836 2342 911 adferat.

333 931 619 1027 Vigqu,
672 935 849 1003 actis
902 952 1033 1023 pro
1087 950 1286 1000 more
1338 934 1586 1021 gratiis
1617 954 1745 1025 pro
1779 932 2067 1004 salutari
2110 934 2341 1010 hocce

335 1031 662 1118 consilio,
715 1034 988 1125 quaerit,
1039 1031 1205 1124 quid
1257 1029 1390 1100 sibi
1426 1051 1644 1122 porro
1691 1030 2091 1104 faciendum
2122 1049 2359 1110 esset„
2464 1038 2474 1046 ’

333 1130 502 1202 Rex
568 1137 949 1225 praecepit,
1036 1140 1110 1201 ut
1191 1129 1610 1224 aliquantum
1681 1135 2023 1225 temporis
2089 1156 2342 1209 secum

333 1231 842 1303 deambularet.
953 1228 1178 1322 Igitur
1238 1250 1369 1299 rex
1439 1250 1531 1299 ex
1601 1232 1865 1325 oppido
1928 1233 2015 1303 ad
2080 1246 2339 1328 pontes
2420 1264 2437 1274 Χ

336 1332 733 1404 descendit.
835 1330 971 1402 Hic
1022 1333 1225 1401 navis
1278 1333 1695 1400 mercatoria
1746 1335 1950 1426 aquis
1979 1336 2339 1425 innatavit,

329 1435 427 1504 ita
480 1443 756 1519 onusta,
816 1441 893 1503 ut
942 1430 1100 1503 salo
1151 1451 1323 1502 sese
1378 1432 1816 1502 committere
1870 1443 2158 1525 posset,
2212 1458 2337 1509 ve·

331 1530 471 1604 lata
539 1535 867 1604 tentoriis
931 1541 1005 1601 et
1063 1534 1350 1602 omnino
1421 1539 1678 1623 parata.
1779 1530 1912 1603 Hic
1963 1554 2124 1603 rex:
2197 1545 2338 1623 tua,

327 1631 614 1724 vigsus,
666 1653 887 1726 opera
942 1634 1172 1723 magni
1226 1635 1431 1724 pretii
1472 1641 1609 1717 est,
1662 1634 1800 1702 etsi
1849 1654 2068 1725 parvo
2100 1654 2336 1709 remu,

328 1753 696 1820 ueremur3
749 1731 928 1804 hanc
958 1753 1204 1804 navem
1238 1734 1751 1817 mercatoriam,
1801 1734 2032 1803 itineri
2084 1736 2157 1804 in
2184 1735 2333 1806 An·

325 1831 541 1924 gliam
596 1836 879 1903 omnino
932 1842 1273 1926 paratam,
1339 1830 1623 1903 habeto.
1722 1830 1904 1903 Nam
1974 1853 2018 1904 e
2081 1856 2164 1904 re
2217 1845 2335 1908 tua

327 1931 488 2002 fore
543 1932 909 2017 duximus,
981 1941 1059 2003 ut
1107 1931 1242 2003 hac
1293 1953 1473 2004 nave
1525 1934 1596 2001 in
1646 1929 1975 2023 Angliam
2027 1936 2337 2025 trajicies

328 2029 568 2124 ibique
619 2041 691 2101 te
743 2030 1048 2101 hiemem
1101 2033 1417 2124 proxime
1474 2034 1966 2123 insequentem
2019 2035 2335 2105 contine·-

328 2150 451 2218 as3
504 2129 600 2201 ibi
655 2132 839 2201 euim
895 2129 1238 2201 offeretur
1289 2139 1607 2223 quaestus
1656 2127 1963 2201 faciendi
2017 2136 2335 2221 occasio,

328 2232 392 2303 si
446 2240 520 2301 te
573 2251 706 2300 rex
759 2228 1064 2322 Angliae,
1117 2230 1305 2324 quod
1362 2229 1522 2310 sore
1574 2250 1925 2321 auguror,
1976 2230 2065 2302 ad
2119 2230 2330 2305 fabri·

326 2330 626 2404 candum
692 2331 1152 2415 conduxerit,
1237 2353 1389 2402 nam
1470 2353 1633 2424 quae
1713 2332 1785 2399 in
1845 2330 2103 2423 Anglia
2166 2345 2336 2408 sunt

326 2429 580 2525 palatia
632 2439 1142 2503 vetustescunt.
1244 2432 1546 2502 Merces
1600 2451 1693 2500 ex
1736 2434 2151 2525 praescripto
2203 2456 2331 2506 no·

322 2540 478 2605 stro
529 2529 833 2617 colloca,
886 2551 1153 2624 easque
1208 2552 1362 2602 cum
1419 2529 1621 2602 lucro
1653 2529 1994 2618 divende3
2048 2553 2204 2602 nam
2256 2543 2332 2607 et

321 2634 552 2704 statu‘s
616 2653 853 2703 rerum
907 2630 1363 2722 Anglicarum
1425 2627 1952 2722 negotiantibus
2019 2653 2329 2705 commea

324 2730 460 2805 dus
511 2741 647 2817 est,
697 2752 932 2824 neque
983 2752 1169 2801 onus
1221 2730 1665 2798 mercatoriae
1716 2750 1917 2820 spem
1945 2737 2127 2801 tuam
2179 2732 2327 2803 fru-

173 2830 178 2839 ’
317 2828 672 2902 strabitur.
772 2830 1025 2902 Nautoe
1077 2831 1174 2899 tui
1227 2846 1352 2900 tuo
1405 2827 1687 2921 quidem
1741 2826 2030 2899 arbitrio
2085 2839 2159 2900 et
2199 2832 2329 2924 ρος

318 2933 557 3001 testati
601 2928 942 3016 subsunt,
993 2930 1125 3001 sed
1181 2936 1392 3024 quum
1448 2928 1806 3020 expediat,
1863 2927 1983 2999 ubi
2038 2949 2129 3000 eo
2183 2952 2325 3024 quo

319 3029 711 3101 contendas
763 3032 1217 3122 perveneris,
1285 3030 1537 3101 horum
1606 3026 2019 3100 alendorum
2088 3039 2327 3103 sumtu

319 3127 643 3215 liberari,
726 3131 1113 3214 suaserim,
1214 3140 1288 3202 ut
1370 3133 1479 3202 eis
1543 3127 1843 3222 aliquam
1926 3133 2320 3202 onerariam

319 3229 496 3315 deS,
574 3250 708 3322 qua
761 3227 898 3300 huc
952 3228 1418 3319 revellantur3
1486 3250 1724 3324 neque
1779 3230 1959 3301 enim
2015 3230 2139 3301 tibi
2196 3232 2321 3301 de-

315 3338 526 3400 erunt
579 3340 828 3415 nautae,
879 3331 943 3399 si
993 3331 1062 3398 in
1092 3329 1553 3423 Norvegiam,
1604 3330 1693 3400 ad
1725 3329 2173 3399 revisendam
2200 3351 2321 3423 pa-

312 3432 539 3515 triam,
593 3428 945 3522 proficisci
998 3429 1343 3515 volueris,
1397 3429 1586 3523 quod
1638 3438 1712 3499 te
1753 3428 2099 3499 facturum
2140 3449 2320 3499 vero

311 3528 542 3600 simile
598 3532 1101 3603 existimamus.
1201 3528 1456 3620 Vigsns
1509 3530 1669 3619 regi
1734 3547 1864 3620 pro
1921 3525 2199 3598 collatis
2250 3529 2319 3598 in

312 3649 400 3698 se
453 3627 826 3701 beneficiis
902 3630 1169 3719 gratias
1232 3626 1617 3721 persolvit,
1687 3629 1908 3719 primo
1972 3627 2162 3722 quod
2232 3647 2321 3699 se

313 3728 816 3801 instituendum
868 3737 1218 3813 curasset,
1270 3727 1556 3817 deinde,
1606 3725 1796 3821 quod
1823 3747 1909 3797 se
1950 3726 2321 3798 fructuoso

312 3846 609 3901 munere
679 3828 1061 3914 donasset,
1145 3838 1552 3922 postremo,
1619 3827 1807 3920 quod
1872 3847 1958 3897 se
2027 3825 2320 3899 utilibus

313 3925 637 4000 consiliis
689 3930 1180 4018 instruxisset3
1242 3951 1402 4024 quae
1452 3926 1801 3999 beneficia
1851 3925 2107 3998 laudes
2161 3928 2321 4018 ejus

311 4037 476 4101 aute
531 4048 782 4104 omnes
832 4049 1058 4123 reges
1109 4028 1548 4105 celebrando
1575 4048 1661 4100 se
1706 4033 2319 4099 remuneraturum

307 4125 648 4205 adseruit.
771 4198 782 4205 ,
2254 4148 2269 4159 ”

1680 4223 1747 4299 Β
1775 4226 1819 4299 b
1860 4222 1908 4296 2
