2950 4684
354 331 427 393 c,
458 328 561 394 68,
890 330 1253 379 msa-omn
1310 330 1825 378 mw'rumnum.
2188 304 2366 391 m

354 517 465 586 eis
528 513 801 586 faciam.
926 513 1119 584 Dein
1183 502 1354 585 eos¹
1425 512 1789 608 colloquio
1861 513 2144 600 adienS,
2217 536 2364 608 quo

350 624 563 708 pacto
625 616 1069 700 evasissent,
1137 617 1572 708 perquisivit.
1694 612 1804 685 Illi
1856 636 2009 685 rem
2060 636 2365 701 omnem,

352 738 514 808 quae
564 724 773 807 gesta
825 725 1015 801 crat,
1066 725 1471 800 narrarunt,
1538 723 1611 784 et
1662 723 2047 808 praeterea,
2114 735 2366 808 regem

352 814 663 887 Knutum
715 817 1023 886 nuntium
1078 818 1148 885 ei
1200 817 1518 902 misisse,
1572 825 1651 886 ut
1700 817 1901 909 ipsos
1953 816 2367 904 dimitteret3

355 938 499 1009 quo
552 915 990 987 accedebant
1042 925 1240 986 certa
1291 916 1574 1000 indicia,
1626 916 1717 986 de
1748 937 2043 1009 quorum
2063 919 2367 988 veritate

356 1016 683 1086 dubitare
737 1037 878 1086 non
927 1019 1172 1110 potuit.
1277 1014 1445 1107 Quo
1511 1016 1768 1087 sactum
1828 1028 1977 1109 est,
2054 1026 2133 1088 ut
2196 1016 2370 1088 Dux

356 1137 447 1186 se
498 1119 594 1186 ita
644 1116 990 1188 facturum
1043 1115 1528 1209 polliceretur.
1629 1113 2086 1208 Thorgunnae
2114 1116 2236 1187 filii
2267 1121 2368 1188 vi·

357 1237 482 1287 res
535 1216 879 1289 celeriter
930 1227 1395 1310 receperunt3
1448 1240 1631 1306 nam,
1683 1227 1762 1288 ut
1809 1216 1984 1288 Dux
2011 1240 2144 1289 eos
2163 1228 2370 1289 antea

362 1316 633 1388 duriter
680 1327 1148 1404 tractaverat,
1230 1321 1328 1388 ita
1377 1339 1582 1388 -nunc
1632 1339 1776 1388 non
1827 1322 2078 1390 minori
2128 1319 2369 1390 studio

362 1438 497 1488 eos
544 1418 960 1503 recreabat,
1041 1420 1414 1512 omniaque
1477 1419 1793 1490 remedia
1847 1420 1936 1490 ad
1992 1440 2125 1490 eos
2177 1418 2370 1489 refo-

360 1516 708 1589 cillandos
757 1518 1158 1590 adhibenda
1211 1518 1520 1591 curabat.
1623 1518 1767 1611 Qui
1819 1542 1976 1591 cum
2021 1523 2237 1612 justis
2261 1521 2371 1590 iti·

361 1618 654 1690 neribus
703 1618 1055 1691 faciendis
1110 1642 1324 1714 pares
1375 1609 1660 1707 esse‘nt,
1743 1624 2018 1692 veniam
2089 1621 2371 1691 domum

361 1719 708 1791 redeundi
765 1724 1285 1814 expetiverunt.
1392 1719 1715 1812 Quorum
1768 1726 2029 1815 optatis
2053 1742 2373 1792 annuens

360 1819 543 1891 dux:
616 1824 757 1914 jam
809 1821 1451 1906 reconciliationiS,
1517 1825 1777 1916 inquit',
1846 1825 2033 1895 inter
2082 1844 2219 1893 nos
2268 1821 2371 1892 sa·

362 1921 640 1992 ciendae
693 1923 1144 1994 conditiones
1177 1924 1484 1993 edicam:
1540 1926 1766 2016 primo
1793 1944 2040 2015 regem
2067 1920 2372 1993 Olavum

361 2021 738 2109 adeuntes,
790 2022 876 2092 ab
935 2043 1025 2093 eo
1076 2026 1401 2117 petitote,
1450 2032 1531 2094 ut
1581 2045 1785 2117 quam
1838 2026 2209 2116 pecuniam
2242 2042 2376 2115 pro

360 2144 447 2194 se
498 2122 918 2194 redimendo
973 2124 1478 2217 spoponderit,
1555 2123 1944 2219 expendat,
2021 2121 2372 2218 vobisque

360 2226 430 2292 in
495 2245 743 2295 manus
813 2225 972 2311 det,
1053 2245 1261 2317 quam
1327 2227 1695 2323 pecuniam
1766 2224 1932 2295 mihi
1997 2223 2375 2301 adfertote.

363 2322 643 2414 Quodsi
694 2324 876 2397 hanc
924 2329 1334 2418 pecuniam,
1384 2333 1462 2396 ut
1511 2346 1721 2412 reor,
1798 2326 2121 2420 pendere
2175 2325 2372 2411 nolit,

362 2448 498 2499 vos
530 2426 825 2497 eandem
856 2429 1180 2520 pecuniae
1210 2448 1548 2498 summam
1574 2425 1738 2497 mihi
1764 2426 2133 2513 solvitote,
2184 2426 2378 2521 quod

361 2547 501 2599 vos
553 2531 999 2620 praestituros
1040 2527 1504 2619 jurejurando
1560 2531 1980 2621 interposito
2008 2527 2217 2598 fidem
2249 2548 2377 2598 ve-

361 2637 580 2700 stram
633 2627 1152 2720 obstringitote.
1255 2626 1419 2719 Qua
1469 2629 1877 2699 conditione
1905 2638 2200 2721 accepta
2238 2627 2377 2698 fra-

364 2738 518 2799 tres
566 2750 653 2799 se
704 2729 795 2799 ad
845 2727 1434 2821 proficiscendum
1467 2725 1997 2819 eFlaemingia²
2024 2736 2378 2821 pararunt,

365 2831 700 2922 praesidio
751 2852 793 2899 a
846 2828 1058 2901 Duce
1112 2829 1297 2901 dato.
1397 2826 1479 2898 In
1508 2827 1806 2899 Daniam
1836 2827 2075 2914 delati,
2129 2848 2378 2929 regem

366 2930 670 3001 olavum
722 2930 1075 3003 adeuntes
1146 2938 1421 3023 petunt,
1479 2939 1554 3000 ut
1604 2951 1808 3024 quam
1862 2951 1993 3023 pro
2045 2950 2133 3000 se
2185 2929 2376 2999 redi-

365 3031 627 3103 mendo
678 3031 1189 3125 spopondisset
1238 3033 1606 3125 pecuniam
1660 3031 1796 3102 sibi
1847 3034 1916 3101 in
1958 3052 2207 3103 manus
2233 3038 2377 3101 tra·

368 3131 523 3203 dat:
573 3132 883 3202 nondum
938 3133 1146 3218 enim,
1196 3132 1385 3228 quod
1443 3141 1517 3203 te
1569 3131 1912 3204 facturum
1957 3151 2380 3227 speravera-

367 3252 549 3317 muS,
603 3254 762 3326 quae
790 3252 876 3304 es
903 3230 1287 3326 pollicitus,
1327 3233 1634 3320 domine,
1664 3237 2070 3326 praestitisti.
2169 3232 2382 3303 Nunc

364 3342 601 3405 autem
652 3343 727 3405 te
783 3354 875 3404 eo
929 3332 1184 3405 melius
1236 3334 1624 3420 facturum,
1675 3337 1900 3429 inquit
1950 3332 2200 3417 Svein,
2251 3352 2379 3424 pe-

365 3435 786 3530 cuniamque
837 3432 1232 3504 liberaliter
1279 3457 1365 3505 ac
1417 3433 1761 3505 celeriter
1797 3434 2194 3504 soluturum
2223 3452 2384 3503 cre·

366 3535 630 3624 dimus3
685 3535 876 3629 quod
933 3537 1141 3605 etiam
1198 3556 1382 3604 nunc
1416 3536 1682 3605 nostris
1712 3532 1964 3604 usibus
1992 3532 2181 3603 bene
2213 3554 2381 3604 con·-

370 3636 603 3720 venit,
683 3658 896 3729 quum
961 3633 1172 3705 fidem
1241 3644 1552 3704 nostram
1607 3634 1770 3706 duci
1820 3632 2200 3706 Baldvinio
2253 3635 2379 3705 ob-

365 3737 904 3823 strinxerimus,
984 3735 1144 3807 fore
1208 3745 1287 3807 ut
1335 3733 1470 3805 hac
1522 3738 1826 3829 pecunia
1884 3757 2027 3806 uon
2080 3735 2382 3806 excidat.

365 3834 678 3929 Reponit
728 3856 899 3907 rex:
950 3836 1158 3908 aliter
1213 3837 1305 3907 de
1356 3836 1567 3907 nobis
1608 3846 2022 3908 meruerunt
2051 3833 2378 3906 Flaemin-

367 3939 461 4029 gi,
514 3958 719 4032 quam
772 3945 850 4008 ut
900 3940 1010 4009 eis
1059 3937 1429 4009 solvamus
1478 3940 1822 4031 pecunias
1874 3958 2007 4028 pro
2071 3956 2157 4004 ea
2211 3956 2380 4005 con-

367 4037 651 4110 tumelia
709 4048 784 4109 et
833 4041 1247 4132 ignominia,
1327 4061 1462 4133 qua
1527 4058 1643 4108 me
1695 4037 2104 4108 affecerunt.
2173 4035 2379 4122 imo,

438 4170 485 4236 ¹)
523 4172 719 4238 fratres,
762 4171 822 4225 F.
931 4172 979 4239 ²)
1015 4172 1326 4246 Flamingia,
1361 4173 1438 4234 F,·
1475 4174 1511 4228 i.
1552 4195 1594 4227 e.
1632 4169 1878 4225 Flandria
1918 4192 1956 4224 s.
1996 4170 2196 4243 Belgio.
