2950 4684
607 342 726 428 ω
1118 366 1214 414 ΒΡ
1259 366 1572 415 munus
1612 366 2090 415 mutuemus.
2297 362 2374 428 c
2404 361 2621 428 1849

610 557 986 645 ingruente
1036 550 1440 623 vehementi
1495 560 1569 624 et
1597 551 1969 622 immodica
2020 560 2448 646 tempestate
2477 576 2625 626 ma-

611 658 857 747 risque
888 662 1071 724 aestu
1100 673 1351 723 omnes
1387 672 1636 740 naves,
1687 655 1759 723 ei
1801 674 1843 723 a
1887 662 2086 746 patre
2115 654 2327 740 datoe,
2379 656 2629 727 fractae

610 764 799 841 sunt,
852 773 1247 846 omnesque
1296 751 1542 824 hurum
1599 756 1873 824 navium
1924 763 2265 839 vectores
2316 759 2628 849 periere.

611 853 807 929 Sveu
859 875 1037 927 vero
1088 856 1160 923 iu
1193 851 1534 940 Fioniam,
1587 864 1667 925 ut
1715 858 2148 949 praeceptum
2202 864 2378 942 erat,
2431 860 2625 929 navi-

611 960 828 1049 gavit,
870 955 1123 1050 *ibique
1162 976 1321 1025 cum
1355 954 1681 1050 reliquiis
1718 958 2078 1048 copiarum
2121 954 2424 1028 hiemem
2478 978 2624 1029 ma-

613 1079 757 1151 gno
807 1057 1091 1128 habitus
1142 1055 1418 1127 honore
1472 1058 1837 1146 transegit.

813 1157 929 1228 19.
1029 1153 1392 1251 Principio
1459 1159 1659 1229 veris
1733 1154 2201 1228 Paluatokius
2267 1155 2620 1229 alumnum

608 1280 810 1330 suum
875 1261 1130 1328 iterum
1199 1256 1564 1351 colloquio
1616 1257 1866 1328 adiens
1939 1256 2263 1329 hortatus
2315 1268 2475 1344 est,
2544 1270 2625 1331 ut

608 1381 855 1452 regem
886 1357 1292 1444 Haraldum,
1344 1370 1614 1451 patrem
1667 1380 1898 1445 suum,
1953 1358 2195 1429 denuo
2244 1358 2493 1444 adiret,
2545 1369 2624 1431 et

610 1459 700 1531 ab
755 1481 846 1530 eo
901 1469 1214 1553 peteret,
1282 1468 1361 1529 ut
1408 1480 1548 1529 sex
1600 1479 1823 1530 naves
1874 1458 2011 1530 sibi
2065 1458 2290 1546 daret,
2358 1471 2620 1553 quanto

607 1562 783 1633 satis
836 1569 1037 1630 esset
1105 1558 1394 1631 militum
1470 1581 1768 1631 numeru
1820 1563 2232 1630 instructas:
2314 1569 2388 1631 tu
2441 1581 2620 1632 vero

609 1661 994 1753 diligenter
1021 1670 1399 1745 memento,
1451 1664 1693 1754 inquit,
1743 1670 1821 1731 ut
1871 1664 2124 1745 omniu,
2176 1683 2336 1754 quae
2370 1680 2620 1753 roges,

608 1786 771 1835 cum
819 1762 1245 1855 impudentia
1313 1761 1636 1853 flagites,
1717 1772 1791 1832 et
1857 1764 1924 1831 in
1978 1760 2460 1854 colloquendo
2509 1766 2620 1834 sis

605 1886 811 1959 quam
864 1861 1398 1933 audacissimus.
1499 1860 1702 1933 Sven
1756 1863 2084 1948 discedit,
2132 1871 2402 1954 patrem
2445 1883 2618 1937 con-

607 1968 834 2050 venit,
901 1985 1038 2035 sex
1089 1985 1312 2034 naves
1362 1963 2009 2057 propugnatoribus
2060 1967 2441 2035 instructas
2491 1984 2618 2057 pe-

605 2069 709 2153 tit,
765 2064 1068 2159 singula,
1119 2064 1400 2136 hortatu
1428 2062 1864 2150 Paluatokii,
1895 2063 2343 2158 impudenter
2372 2075 2617 2158 postu-

607 2167 720 2238 lat.
825 2165 958 2236 Cui
1007 2186 1140 2236 rex
1192 2164 1579 2237 Haraldus:
1663 2169 1934 2258 copiis,
1999 2184 2178 2259 quas
2230 2165 2353 2235 tibi
2405 2187 2617 2259 supe-

605 2270 779 2338 riori
813 2275 1064 2336 aestate
1098 2265 1306 2351 dedi,
1358 2265 1445 2334 ad
1500 2265 1659 2336 sola
1713 2264 2056 2336 maleficia
2107 2287 2286 2337 usus
2317 2265 2482 2337 mihi
2514 2269 2617 2338 vi-

608 2369 837 2454 deris3
918 2387 1137 2460 quare
1190 2367 1358 2436 mira
1410 2368 1483 2434 in
1547 2374 1621 2437 te
1688 2369 2116 2458 impudentia
2165 2369 2390 2454 inest,
2472 2369 2617 2461 qui,

606 2491 763 2541 cum
829 2478 1086 2539 tantam
1162 2465 1489 2537 malitiam
1557 2468 2001 2553 ostenderis,
2078 2471 2330 2539 iterum
2395 2488 2437 2539 a
2504 2487 2618 2538 me

605 2581 859 2664 petere
924 2571 1170 2661 copias
1237 2566 1526 2638 audeas,
1647 2566 1848 2639 sven
1913 2577 2193 2640 contra:
2276 2590 2417 2639 non
2469 2588 2618 2662 ego

605 2671 769 2741 hinc
823 2673 1017 2763 prius
1072 2669 1457 2754 discedam,
1509 2690 1714 2762 quam
1752 2670 1917 2739 mihi
1958 2689 2045 2739 ea
2083 2669 2402 2757 dederis,
2455 2690 2617 2765 quae

603 2770 931 2867 postu103
987 2786 1147 2865 quae
1197 2774 1259 2841 si
1315 2792 1455 2841 nou
1507 2773 1900 2864 impetrem,
1951 2769 2437 2857 Paluatokius,
2487 2792 2617 2841 uu-

603 2876 809 2945 tritur
858 2893 1085 2958 meuS,
1137 2875 1382 2965 copias
1435 2871 1599 2942 mihi
1654 2871 1865 2958 dabit,
1920 2871 2330 2966 quibuscum
2369 2880 2623 2944 contra
2753 2889 2764 2897 ·

601 2977 702 3045 tui
752 2977 981 3066 ipsius
1047 2971 1316 3043 aulicas
1378 2972 1722 3063 cohortes
1788 2994 1978 3043 arma
2037 2972 2300 3059 feram,
2382 2988 2618 3067 neque

600 3094 905 3167 parcam,
977 3074 1142 3165 quin
1195 3070 1339 3142 illis
1393 3073 1717 3168 quicquid
1780 3082 2037 3166 potero
2090 3073 2252 3144 mali
2302 3074 2619 3145 inferam.

603 3173 737 3245 Hic
789 3195 961 3243 rex:
1035 3172 1325 3260 habeas,
1378 3173 1593 3258 licet,
1645 3194 1780 3243 sex
1834 3177 2057 3245 naves
2112 3184 2186 3244 et
2236 3178 2438 3246 virus
2487 3176 2618 3244 du·

604 3285 857 3346 centes
912 3284 985 3347 et
1036 3275 1517 3369 quadraginta,
1568 3277 1812 3367 inquit,
1866 3297 2005 3347 nev
2056 3278 2126 3345 iu
2156 3285 2620 3368 conspectum

602 3396 835 3447 meum
913 3385 1240 3470 uuquam·
1285 3374 1585 3471 posthac
1654 3379 1919 3447 venias.
2053 3375 2166 3446 Re
2235 3381 2344 3447 sic
2411 3384 2621 3469 gesta

603 3475 804 3547 Sven
860 3478 946 3547 ad
999 3479 1409 3548 nutritorem
1445 3473 1937 3548 Paluatokium
1992 3497 2335 3549 reversus
2387 3479 2622 3551 emnia

604 3599 765 3672 quae
820 3587 1070 3669 egerat
1137 3600 1296 3648 cum
1362 3588 1563 3670 patre
1631 3577 1891 3649 retulit.
2021 3576 2487 3649 Paluatukius
2551 3580 2621 3649 ei

603 3682 857 3749 iterum
910 3678 1203 3748 totidem
1271 3682 1493 3764 viros,
1546 3689 1784 3773 atque,
1836 3689 2063 3771 pater,
2133 3679 2350 3764 dedit,
2423 3700 2618 3750 eum·

606 3800 744 3874 que
797 3777 1118 3850 consiliis
1171 3780 1410 3857 denuo
1470 3783 1671 3871 juvit.
1793 3776 1919 3851 Sic
1986 3776 2185 3849 Sven
2240 3780 2619 3851 duodecim

603 3883 879 3951 navium
933 3879 1242 3951 classem
1297 3891 1372 3952 et
1421 3880 1976 3973 quadringentos
2029 3882 2386 3972 octogiuta
2440 3880 2618 3952 mili-

605 3990 722 4052 tes
797 3980 1053 4052 habuit.
1177 3982 1365 4054 Ante
1444 4002 1625 4052 vero
1695 4001 1896 4073 quam
1965 3983 2261 4051 nutritor
2326 3992 2401 4052 et
2463 3981 2616 4053 alu-

606 4102 811 4155 mnus
838 4083 1413 4173 digrederentur,
1457 4079 1924 4152 Paluatokius
1955 4081 2136 4152 infit:
2192 4104 2380 4154 nunc
2434 4084 2616 4176 pira-

608 4186 770 4251 ticae
835 4183 1180 4252 faciendae
1248 4202 1468 4252 causa
1520 4184 1880 4254 excurrite
1945 4204 2084 4253 non
2149 4183 2433 4279 quidem
2491 4203 2616 4253 eo-
