2950 4684
352 336 425 397 G.
468 333 683 413 12-13,
1057 341 1584 389 FRAGMENTUM
1642 346 1687 390 ι.
2192 319 2373 408 375

354 520 712 614 Carthago
767 523 941 594 urbs
995 532 1294 597 vocatur
1344 528 1562 601 totius
1592 525 1891 599 Afrieae.
1908 527 2364 601 excellentis-

350 625 547 694 sima.
646 621 725 692 In
775 621 1106 694 Numidia
1158 633 1271 694 est
1338 626 1706 716 oppidum,
1778 626 2008 720 Hippo
2081 628 2364 715 dictum,

353 722 475 795 ubi
542 745 839 814 magnus
903 723 1025 793 ille
1095 723 1543 815 Augustinus
1614 730 1804 798 vixit.
1906 729 1985 796 lu
2056 726 2366 800 Gaetulia

353 845 539 917 gens
595 833 731 910 est,
782 845 1065 909 veneno
1119 816 1579 896 inviolabilis

556 923 673 994 13.
774 924 892 994 Ad
942 924 1300 1017 Europam
1356 928 1676 1045 regressi
1740 925 1945 1012 inde,
2015 927 2207 996 unde
2263 928 2369 996 di

350 1028 591 1119 gressi
642 1024 728 1096 ad
782 1035 1063 1119 tempus
1114 1046 1398 1112 sumus,
1449 1029 1882 1119 incipiemus,
1983 1025 2366 1110 Hercules„

351 1129 473 1221 qui
539 1125 739 1196 orbis
806 1137 1152 1197 terrarum
1217 1126 1564 1197 lustrandi
1633 1129 1856 1218 gratia
1924 1126 2139 1197 multa
2205 1126 2366 1198 loca

350 1226 563 1313 obiit,
617 1230 687 1297 in
736 1226 1073 1311 insulam,
1124 1236 1332 1298 antea
1382 1231 1843 1313 nominatam,
1897 1250 2057 1320 quae
2111 1227 2367 1298 Gades

351 1329 630 1414 dicitur,
682 1327 987 1413 delatus,
1038 1347 1124 1398 se
1177 1327 1264 1398 ad
1300 1337 1623 1398 extrema
1654 1327 1894 1397 mundi
1932 1332 2364 1420 pervenisse

349 1438 544 1500 ratus
596 1438 740 1517 est3
796 1431 1034 1522 itaque
1087 1427 1265 1499 duas
1317 1427 1411 1499 ibi
1466 1427 1835 1499 columnas
1882 1429 2150 1514 eduxit,
2202 1428 2365 1500 ulti-

350 1551 485 1600 mae
536 1530 1129 1622 peregrinationis
1191 1548 1345 1600 suae
1397 1530 1711 1616 indices,
1782 1536 1944 1623 quae
2015 1528 2371 1602 columnae

348 1629 684 1701 Herculis
735 1631 1089 1718 dicuntur3
1158 1652 1319 1724 quae
1386 1633 1593 1701 etiam
1647 1652 1833 1701 nunc
1886 1629 2149 1700 ibidem
2202 1652 2365 1724 per-

346 1739 553 1803 stant.
654 1730 730 1800 ln
783 1731 1119 1825 Hispania
1170 1734 1306 1803 sita
1361 1741 1479 1804 est
1521 1730 2024 1817 Gallicia,.ubi
2077 1741 2365 1825 aposto-

276 1860 283 1866 ·
349 1831 467 1904 lus
514 1830 877 1918 Jacobus,
946 1833 1169 1904 frater
1216 1831 1604 1919 Johann'is,
1655 1835 1976 1927 quiescit.
2076 1831 2365 1903 Vallan-

352 1934 489 2003 §iae
542 1932 943 2023 (Gallorum
997 1942 1235 2018 tcrrae,
1294 1932 1587 2023 Galliae)
1638 1935 1959 2026 proxima
2014 1941 2129 2003 est
2185 1931 2367 2002 Flac-³

213 2112 217 2117 ,
350 2034 607 2122 mingia
660 2030 1085 2125 (Flandria),
1138 2032 1303 2102 huic
1354 2036 1678 2126 proxima
1728 2030 2125 2102 Frislandia
2180 2030 2365 2122 (Fri-

349 2152 603 2206 sonum
689 2142 917 2216 terra,
1000 2130 1281 2223 Frisia).
1399 2133 1623 2203 Mons
1704 2131 2025 2204 Mundiae
2102 2132 2367 2226 (Alpes

349 2233 659 2326 montes)
734 2254 776 2303 a
845 2235 1006 2304 sinu
1057 2233 1458 2304 Venetiano
1526 2234 1616 2303 ad
1686 2237 2032 2304 orientem
2100 2235 2171 2302 in
2234 2233 2363 2305 lli-1

349 2338 663 2429 spaniam
722 2352 949 2426 usque
1001 2333 1090 2405 ad
1141 2333 1589 2406 occidentem
1623 2335 2024 2428 porrigitur.
2129 2334 2364 2404 Saxo-

348 2439 485 2508 niae
515 2435 793 2528 adjacet
822 2433 1166 2520 Hols‘atia,
1217 2433 1384 2505 huic
1413 2439 1737 2526 proxima
1763 2434 2012 2505 Dania.
2094 2434 2369 2506 Brutus

349 2554 609 2609 nomen
661 2536 794 2606 fuit
834 2538 1015 2621 viro,
1068 2557 1210 2629 quo
1242 2534 1329 2606 ab
1361 2535 1619 2622 AEnea,
1672 2533 2003 2629 Trojanis
2039 2536 2364 2621 oriundo,

351 2647 644 2733 quartus
700 2635 864 2722 suit3
918 2636 1131 2722 idem,
1187 2645 1447 2706 mutato
1500 2634 1704 2706 Bruti
1752 2640 2080 2724 nomine,
2130 2636 2364 2707 Britto

350 2747 649 2809 vocatus
703 2746 853 2822 est,
918 2758 963 2806 a
1014 2757 1158 2830 quo
1211 2736 1656 2806 denominata
1706 2735 2134 2824 Brittannia,
2203 2759 2364 2830 quae

349 2860 534 2909 nunc
584 2836 878 2930 Anglia,
945 2836 1117 2907 olim
1179 2836 1596 2908 Brctlandia
1647 2835 2068 2930 (Bretonum
2141 2839 2363 2930 terra)

350 2939 538 3010 dicta
593 2947 723 3009 est.
824 2936 904 3007 In
928 2936 1192 3029 Anglia
1240 2939 1414 3009 urbs
1447 2935 1848 3009 Londinum
1904 2948 2037 3010 est.
2116 2938 2363 3030 Prope

348 3039 759 3110 Hiberniam
809 3049 978 3109 sunt
1028 3038 1408 3125 Hebudes,
1480 3060 1574 3110 ex
1625 3038 1879 3134 quibus
1935 3040 2186 3111 decem
2238 3037 2365 3109 ha·-

346 3141 588 3212 bitatae
658 3149 840 3211 sunt.
959 3139 1071 3209 Ex
1125 3139 1533 3212 orcadibus
1598 3143 1911 3235 quinque
1980 3151 2055 3213 et
2100 3141 2365 3234 viginti

346 3240 711 3328 habitatae3
795 3238 910 3310 his
979 3240 1204 3312 sedes
1273 3242 1709 3336 episcopalis
1776 3252 1891 3313 est
1956 3242 2159 3327 loco,
2240 3242 2363 3331 qui

346 3341 840 3436 Kirkjuvogus
892 3340 1186 3429 dicitur,
1252 3341 1376 3414 uhi
1427 3353 1719 3414 sanctus
1770 3343 2087 3433 Magnus
2142 3342 2361 3432 dyna-

346 3453 458 3516 sta
509 3436 829 3538 quiescit.
915 3441 1339 3533 Hjaltlandia
1371 3442 1792 3535 (Hjaltorum
1836 3451 2051 3525 terra,
2105 3437 2362 3511 insulae

346 3542 883 3635 Sbetlandicae)‚
936 3541 1344 3613 orcadibus
1396 3544 1738 3636 proxima,
1789 3539 2360 3613 archidiaconum

350 3642 583 3715 babet.
686 3640 890 3714 Haud
925 3642 1177 3735 procul
1223 3643 1390 3712 inde
1424 3641 1683 3713 absunt
1710 3640 2012 3730 Faeroae,
2063 3664 2363 3714 numero

345 3744 875 3836 duodeviginti3
929 3736 1299 3815 ibi'sedes
1353 3742 1782 3838 episcopalis
1818 3753 1948 3817 'est
2001 3743 2190 3831 loco,
2241 3747 2363 3838 qui
2426 3778 2429 3783 >

349 3842 809 3941 Kirkjubaeus
857 3846 1137 3918 dicitur.
