2950 4684
608 307 727 399 u
1119 335 1217 384 nn
1261 334 1570 385 man-ris
1614 334 2092 385 romanarum.
2312 332 2385 393 c,
2411 331 2636 397 2446,

618 524 899 618 Quavis
927 530 1203 610 aestate,
1254 541 1347 592 ex
1395 541 1566 593 aree
1620 518 1946 615 profecti,
1999 522 2068 591 in
2123 523 2360 591 varias
2396 530 2635 594 terras

612 623 981 723 praedandi
1015 643 1232 696 eausa
1286 630 1696 707 excurrunt,
1765 641 2084 714 magnam
2139 621 2279 692 sibi
2332 620 2631 713 gloriam

613 730 909 823 pariunt,
975 733 1049 797 et
1097 744 1228 819 pro
1284 720 1914 794 excellentissimis
1964 724 2211 815 piratis
2262 721 2636 810 hahentur,

616 847 851 923 neque
904 824 1064 897 sere
1118 826 1490 919 quisquam
1554 843 1645 893 eo
1709 831 2034 915 tempore
2100 833 2293 910 erat,
2374 827 2495 918 qui
2546 846 2638 896 se

616 951 775 1001 cum
848 929 958 998 eis
1026 944 1440 1018 comparare
1497 943 1717 1016 posse
1787 924 2346 1012 existimaretur-3
2422 934 2636 1019 atque

615 1030 704 1102 ab
759 1050 852 1100 eo
921 1038 1246 1122 tempore
1318 1033 1668 1119 perpetuo
1732 1033 1898 1110 sunt
1946 1027 2191 1119 piratae
2239 1023 2637 1097 Jomenses

616 1131 701 1203 ad
759 1127 971 1200 ellati.

713 1155 753 1224 p
814 1227 934 1300 25.
1034 1224 1194 1298 Jam
1266 1226 1360 1295 de
1426 1244 1609 1317 rege
1673 1220 1945 1296 Sveine
2010 1226 2448 1297 narrandum.
2563 1225 2637 1298 Is

615 1331 910 1415 Akium,
960 1326 1179 1399 filium
1226 1322 1657 1410 Paluatokii,
1710 1327 2002 1397 summis
2051 1327 2123 1396 in
2171 1324 2458 1398 deliciis
2511 1325 2635 1398 ha-

616 1432 787 1518 buit,
838 1439 917 1502 ut
945 1431 1013 1502 si
1048 1428 1227 1521 patri
1259 1442 1552 1519 semper
1585 1428 2055 1498 amicissimus
2089 1425 2366 1498 fuisset.
2429 1425 2637 1519 Quo-

617 1555 769 1606 rum
822 1531 1126 1602 amicitia
1178 1529 1317 1600 etsi
1367 1524 1683 1598 nonnihil
1735 1525 2105 1620 friguerat,
2173 1527 2343 1599 nihil
2395 1539 2635 1601 tamen

615 1634 914 1706 offensae
967 1649 1099 1701 rex
1149 1630 1223 1699 in
1270 1625 1534 1699 Akium
1587 1627 1972 1714 derivavit,
2041 1628 2179 1700 sed
2233 1633 2634 1703 necessitu-

618 1735 877 1819 dinem,
930 1752 1090 1827 quae
1140 1732 1326 1801 inter
1373 1749 1509 1799 eos
1555 1737 1632 1801 ut
1673 1727 2090 1801 coalumnos
2121 1731 2638 1817 intercedebat,

616 1834 993 1927 religiose·
1022 1829 1277 1903 coluit.-
1362 1824 1611 1923 ltaque
1639 1828 1872 1902 Akius
1923 1831 1990 1900 in
2021 1826 2271 1902 Fionia
2321 1852 2409 1903 se
2462 1855 2633 1905 con-

614 1935 904 2021 tinebat,
975 1932 1428 2028 praediisque,
1493 1929 1747 2024 quibus
1816 1951 1976 2003 eum
2030 1931 2459 2025 praefecerat
2509 1953 2632 2029 pa·

615 2049 752 2124 ter,
802 2038 905 2109 uti
955 2054 1173 2128 supra
1227 2031 1487 2104 dictum
1543 2040 1679 2117 est,
1730 2030 2028 2124 praefuit.

816 2135 936 2207 26.
1039 2134 1363 2226 Adtingit
1436 2133 1621 2205 banc
1689 2130 2050 2204 historiam
2123 2134 2265 2219 vir,
2349 2136 2631 2206 nomine

613 2237 982 2322 VesetiuS,
1033 2235 1447 2328 provinciae,
1502 2255 1663 2328 quae
1699 2231 2407 2326 Borgundarboimus
2460 2235 2632 2307 dici-

615 2348 752 2425 tur,
806 2334 1229 2431 praefectus3
1284 2336 1440 2426 ejus
1480 2335 1690 2405 uxori
1735 2354 1993 2404 nomen
2026 2334 2158 2406 suit
2185 2333 2632 2429 Hildigunna.

539 2468 545 2477 ·
614 2437 747 2509 His
798 2446 951 2508 tres
1002 2435 1212 2506 liberi
1265 2444 1489 2520 erant,
1541 2436 1661 2529 qui
1710 2436 1784 2504 in
1836 2433 1969 2530 hac
2019 2434 2313 2507 historia
2364 2457 2632 2510 memo-

542 2586 551 2589 ἡ
614 2547 890 2626 rantur3
956 2539 1076 2609 uni
1144 2534 1445 2607 filiorum
1514 2556 1775 2607 nomen
1841 2544 1993 2607 erat
2054 2533 2284 2624 Buio,
2360 2537 2632 2610 Crasso

617 2639 830 2725 dicto,
881 2636 1087 2710 alteri
1140 2634 1498 2729 Sigurdo,
1572 2634 1800 2730 Rapa·
1869 2639 2383 2730 cognominato.
2487 2639 2631 2711 Eo-

617 2740 910 2813 rundem
938 2738 1100 2825 iiiia,
1154 2740 1432 2810 nomine
1454 2735 1864 2824 Thorunna,
1920 2740 2174 2832 paucis
2199 2741 2421 2824 annis,
2461 2749 2631 2812 ante

614 2864 819 2936 quam
873 2840 986 2912 hae
1048 2860 1174 2912 res
1226 2838 1673 2925 acciderunt,
1748 2847 2109 2932 nupserat.
2227 2838 2430 2917 Hanc
2499 2862 2630 2912 rex

612 2940 838 3015 Svein
900 2939 1133 3024 Akio,
1208 2939 1355 3011 filio
1418 2937 1854 3025 Paluatokii,
1937 2940 2242 3034 petierat
2304 2962 2632 3029 uxorem,

615 3063 844 3137 eaque
879 3043 948 3111 ei
973 3037 1321 3112 collocata
1375 3039 1630 3125 fuerat,
1683 3059 1919 3133 neque
1948 3049 2115 3135 post
2144 3041 2386 3128 multo,
2424 3064 2628 3136 quam

603 3144 830 3235 juncti
882 3142 1318 3213 matrimonio
1373 3150 1608 3226 erant,
1679 3137 1892 3211 filium
1965 3145 2243 3213 nomine
2304 3141 2630 3235 Vagnem

613 3262 712 3314 ex
762 3241 951 3314 Akio
1006 3251 1404 3335 pepererat.
1516 3239 1798 3311 Interim
1854 3241 2017 3312 dum
2072 3241 2227 3314 haec
2277 3242 2629 3335 gereban-

615 3354 751 3430 tur,
806 3342 1170 3415 Selandiae
1224 3341 1507 3437 praefuit
1561 3343 1884 3434 dynasta,
1936 3345 2218 3415 nomine
2255 3343 2631 3432 Haraldus,

614 3447 1038 3537 cognomine
1104 3441 1645 3515 Strutharaldus
1739 3442 2121 3537 (Haraldus
2193 3441 2630 3539 Tutulatus);

614 3547 1059 3638 cognominis
1111 3565 1198 3615 ea
1249 3565 1491 3630 causa,
1562 3544 1753 3640 quod
1807 3541 2067 3639 pileum
2123 3545 2472 3637 gestabat,
2526 3549 2629 3616 in·

611 3647 884 3739 signem
943 3647 1210 3739 ingenti
1260 3643 1515 3730 tutulo,
1582 3648 1701 3739 qui
1762 3667 1856 3715 ex
1910 3654 2119 3716 cocto
2171 3668 2349 3718 auro
2402 3646 2632 3718 factus

615 3759 790 3833 erat,
842 3753 1198 3842 tantaeque
1252 3747 1771 3839 magnitudinis,
1823 3754 1899 3815 ut
1950 3744 2202 3817 decem
2255 3750 2408 3819 auri
2457 3745 2631 3819 seli-

615 3847 780 3921 bras
818 3846 1193 3941 penderet3
1242 3847 1408 3918 inde
1438 3846 1513 3918 id
1550 3846 1994 3938 cognominis
2014 3845 2323 3941 adeptus
2377 3856 2514 3934 est,
2557 3858 2636 3920 ut

612 3945 1154 4021 Strutbaraldus
1193 3946 1626 4041 (Tutulatus)
1666 3943 2169 4040 adpellaretur.
2222 3946 2454 4021 Uxori
2500 3948 2631 4041 dy-

612 4058 836 4120 nastae
872 4070 1132 4122 nomen
1161 4048 1562 4142 lngigerda.
1664 4045 1829 4120 Nati
1879 4066 1977 4118 ex
2032 4046 2155 4119 bis‘
2195 4057 2349 4122 tres
2401 4047 2638 4137 liberi,

611 4169 909 4242 quorum
961 4151 1032 4220 in
1094 4147 1229 4221 bac
1281 4148 1577 4220 historia
1639 4150 1901 4220 mentio
1961 4146 2075 4219 fit:
2156 4147 2458 4222 filiorum
2513 4154 2635 4222 uui
