2950 4684
301 309 383 370 c·
404 304 629 369 21-22.
836 309 935 357 nn
975 309 1286 357 tunsus
1329 309 1812 360 nunninus.
2213 283 2332 371 57

308 517 466 569 rum
520 498 722 588 regis
772 498 1163 588 imperium,
1233 505 1607 590 anteqmm
1661 496 2122 582 desisterent,
2193 515 2330 566 rex

308 606 602 668 creatus
669 605 805 668 est.
921 593 1170 668 Funus
1236 600 1438 689 regis
1503 596 1797 670 Haraldi
1859 594 2329 668 Roiskeldam

310 696 786 792 deportatum,
835 696 1078 792 ibique
1128 696 1503 769 humatum.
1603 695 1784 769 Tum
1813 697 2066 768 Daniae
2107 699 2330 790 impe·

311 806 601 870 raverat
660 819 887 870 annos
946 797 1410 892 quadraginta
1475 807 1552 869 et
1615 809 1898 892 septem
1962 806 2127 893 post
2176 796 2328 867 obi·

314 910 463 971 tum
514 902 716 991 regis
747 898 1026 985 Gormi,
1077 902 1297 990 patris
1344 903 1482 971 sui.
1581 897 1805 986 Siren,
1847 903 1992 992 jam
2042 917 2179 969 rex
2226 896 2324 969 fa-

313 1009 504 1086 etus,
555 1002 676 1093 qni
722 1003 837 1071 sui
885 998 1099 1071 officii
1151 999 1479 1086 duceret,
1531 1021 1730 1071 more
1764 1010 2171 1071 ceterorum
2212 1019 2329 1069 re-

313 1120 482 1192 gum
535 1103 874 1190 omnium,
936 1111 1102 1173 ante
1164 1098 1429 1196 [tertiae
1502 1099 1759 1173 hiemis
1825 1096 2122 1173 initinm¹
2210 1119 2333 1193 pa·

317 1198 616 1272 tentalis
668 1204 889 1294 patris
939 1200 1316 1273 celebrare
1336 1252 1358 1287 ‚
1425 1224 1611 1273 nunc
1670 1205 1900 1274 statim
1964 1200 2109 1274 tale
2162 1221 2332 1271 oon·

317 1303 579 1372 vivium
647 1322 913 1394 agere,
992 1323 1228 1398 neque
1294 1305 1365 1372 in
1433 1302 1625 1374 aliud
1693 1313 1977 1396 tempus
2046 1300 2332 1372 differre

320 1405 581 1475 statuit.
682 1401 929 1496 Itaque
979 1406 1276 1496 primum
1323 1401 1845 1489 Paluatokium,
1896 1405 2334 1486 nutritorem,

319 1504 732 1595 amicosque
781 1524 868 1574 ac
917 1513 1266 1595 cognatos
1315 1502 1746 1576 Fionienses
1794 1504 1885 1575 ad
1937 1503 2332 1575 convivium

318 1605 580 1674 invitat
703 1601 1172 1676 Palnatokius
1237 1626 1415 1677 vero
1482 1609 1593 1677 sic
1642 1604 2078 1699 respondet,
2157 1622 2334 1673 sese

319 1704 641 1796 impediri
692 1715 1045 1789 causatur,
1108 1728 1253 1798 quo
1305 1708 1538 1778 minus
1588 1716 1751 1778 anto
1793 1708 2139 1799 proximae
2186 1702 2333 1774 hie*

319 1806 456 1874 mis
507 1806 789 1876 initium·
845 1808 1177 1877 convivio
1241 1809 1602 1878 iuteresse
1654 1810 1918 1900 possit:
1997 1828 2157 1877 uam
2211 1816 2336 1874 res

320 1907 756 1996 gravissimi,
810 1915 886 1977 nt
935 1904 1101 1976 mihi
1152 1907 1437 2000 quidem
1487 1908 1809 1992 videtur,
1861 1908 2194 1978 momenti
2245 1903 2337 1975 ad

319 2026 545 2076 aures
590 2026 793 2077 meas
845 2010 1205 2099 pervenit,
1254 2010 1510 2100 inquit,
1578 2007 1851 2078 obiisse
1901 2006 2336 2087 stefanum,

319 2127 659 2181 socerum
711 2127 978 2191 meum,
1046 2107 1416 2199 dynastam
1469 2105 1891 2192 Britanniae,
1971 2103 2164 2200 qnod
2220 2124 2335 2174 re·

323 2227 537 2297 gnum
588 2230 749 2280 cum
802 2210 962 2301 ejus
1015 2216 1247 2279 morte
1284 2206 1375 2279 ad
1406 2229 1522 2279 me
1551 2207 1827 2293 redeat,
1877 2207 2139 2280 eodem
2167 2201 2335 2277 mihi

325 2313 749 2381 necessario
811 2307 1401 2402 proficiscendum
1469 2319 1602 2381 est.
1720 2307 1864 2399 Qui
1917 2332 2076 2381 cum
2121 2308 2336 2401 justis

323 2408 650 2502 impediri
700 2412 942 2482 causis
995 2412 1547 2497 existimetur,
1615 2430 1758 2503 quo
1808 2412 2038 2481 minus
2087 2411 2334 2480 iuvita·

318 2520 438 2580 tus
486 2509 806 2595 adesset,
858 2530 990 2581 rex
1044 2509 1419 2582 consilium
1469 2509 1794 2582 struendi
1845 2511 2152 2582 convivii
2192 2510 2333 2582 dis·

324 2607 523 2696 tulit,
590 2614 1005 2683 nutritorem
1074 2613 1255 2683 enim
1325 2614 1662 2684 convivio
1735 2621 1902 2683 ante
1949 2612 2184 2682 omnia
2232 2613 2335 2680 in·

325 2719 617 2784 teresse
666 2710 915 2787 voluit.

525 2812 646 2883 22.
744 2810 907 2884 Jam
975 2810 1446 2884 Paluatokins
1516 2809 1775 2882 eodem
1841 2816 2173 2879 autumno
2241 2824 2337 2876 ex

325 2930 556 3003 regno
620 2912 1097 3006 proficiscitur
1155 2932 1315 2982 cum
1378 2910 1622 2982 classe
1687 2930 1856 2997 sua,
1936 2905 2085 2980 filio
2144 2904 2340 2980 Akio

327 3015 497 3083 'ante
547 3012 952 3085 discessum
1000 3033 1208 3084 suum
1261 3014 1331 3082 iu
1378 3009 1628 3083 Fionia
1678 3010 1975 3095 relicto,
2031 3020 2107 3082 ut
2158 3030 2338 3104 proe·

330 3111 449 3183 dia
508 3115 924 3208 omniaque,
997 3134 1157 3207 quae
1206 3111 1304 3183 ihi
1356 3111 1795 3207 possidebat,
1849 3119 2164 3199 curaret3
2234 3109 2338 3181 di·

326 3212 672 3302 grediens
722 3211 935 3285 fiiinm
990 3214 1328 3308 praesidio
1378 3237 1464 3287 ac
1515 3211 1762 3286 tutelae
1815 3215 2018 3305 regis
2068 3209 2337 3283 Svenis

326 3316 712 3399 commisit,
789 3334 1065 3408 rexque
1115 3312 1540 3387 Paluatokio
1606 3312 1964 3407 pollicitus
2015 3312 2338 3403 optimam

326 3412 501 3484 Akii
562 3436 801 3486 euram
868 3412 1297 3501 habiturum,
1370 3416 1749 3509 promissis
1817 3412 2036 3484 stetit.
2163 3408 2341 3485 lude

329 3514 703 3607 profectus
745 3513 1217 3588 Paluatokius
1268 3536 1426 3587 cum
1497 3518 1567 3585 in
1616 3512 2047 3587 Britanniam
2098 3513 2341 3584 venis·

328 3623 473 3701 set,
522 3635 848 3708 regnum,
918 3614 1113 3710 quod
1168 3611 1463 3687 Stefuer
1513 3635 1733 3687 socer
1785 3616 1945 3706 ejus
1998 3622 2073 3686 et
2119 3611 2343 3706 Bjom

327 3711 715 3788 Britannus
764 3714 1264 3810 possederant,
1336 3714 1953 3789 administrandum
2004 3714 2345 3806 suscepit.

328 3812 456 3887 Sic
503 3818 899 3909 proximum
953 3822 1312 3887 semestre
1362 3817 1724 3905 praeteriit.
1838 3815 2127 3886 AEstate
2177 3831 2340 3905 pro·

168 3910 183 3919 ‘
328 3917 517 3994 xime
580 3918 989 4012 insequenti
1052 3936 1190 3987 rex
1256 3911 1459 3987 Sven
1519 3916 1591 3999 in
1653 3912 2080 3986 Britanniam
2132 3912 2343 3997 misit,

330 4025 409 4088 ut
430 4014 898 4091 Palnatokius
936 4015 1029 4089 ad
1081 4037 1169 4089 se
1218 4015 1309 4089 ad
1360 4016 1764 4088 convivium
1817 4014 2120 4096 veniret,
2169 4022 2345 4106 quot

397 4146 443 4207 ¹)
485 4161 602 4201 ante
636 4146 844 4203 tertium
883 4149 1068 4202 scutum
1110 4149 1321 4216 iolcum,
1367 4147 1427 4200 B.
