2950 4684
595 316 717 407 a
1109 339 1208 388 ns
1252 336 1564 387 rma-ris
1608 336 2090 386 annuemus.
2298 334 2373 401 c,
2394 333 2614 399 2324,

600 530 706 602 vit
754 547 913 613 rex,
964 526 1249 597 nomine
1299 520 1751 609 Burizlavus,
1802 525 1946 615 qui,
1994 519 2332 595 hostilem
2384 525 2616 594 ineur-

599 632 877 704 sionem
928 634 1446 722 praemcmenS,
1513 624 1706 718 quod
1760 623 1943 694 fama
1994 633 2396 716 acceperat,
2447 621 2617 694 Pal-

601 729 982 814 natokium,
1024 725 1425 819 ubieunque
1458 727 1813 818 piraticam
1840 723 2137 809 faceret,
2164 724 2394 795 ferme
2425 745 2617 796 sem-

601 852 736 929 per
783 830 1143 901 victoriam
1193 834 1590 919 reportare,
1641 828 2017 918 piratarum
2073 827 2232 917 ejus
2273 829 2619 919 temporis

602 930 1157 1006 celeberrimum
1202 947 1401 1013 esse,
1452 946 1707 997 omnes
1758 926 2132 1019 prudentia
2173 934 2261 995 et
2310 924 2616 997 consilio

600 1050 971 1128 superare,
1034 1028 1349 1122 ideoque
1400 1026 1778 1097 admodum
1830 1046 2099 1119 paucos
2145 1028 2212 1096 ei
2265 1030 2616 1099 resistere

604 1154 863 1230 posse:
915 1129 1102 1201 haud
1154 1126 1376 1199 multo
1431 1136 1600 1220 post
1648 1148 1851 1221 quam
1907 1148 1998 1198 eo
2051 1125 2359 1199 classem
2397 1150 2615 1222 appu-

600 1235 806 1319 lerat,
857 1231 1165 1303 adventu
1217 1238 1291 1299 et
1339 1227 1648 1299 consilio
1703 1230 1862 1321 ejus
1907 1230 2224 1320 cognitp,
2292 1249 2472 1300 suos
2523 1229 2610 1299 ad

603 1355 763 1407 eum
816 1333 1045 1418 mittit,
1101 1350 1257 1402 eum
1313 1329 1401 1399 ad
1455 1349 1543 1399 se
1594 1331 1858 1413 invitat,
1920 1349 2006 1399 se
2060 1331 2257 1422 pacis
2309 1349 2467 1401 cum
2523 1351 2615 1401 eo

602 1434 948 1509 faciundae
1009 1433 1473 1524 amicitiaeque
1534 1428 1923 1522 Jungendae
1989 1430 2318 1522 cupidum
2373 1440 2614 1502 osten·-

603 1538 721 1609 tiit.
821 1531 1109 1605 Praeter
1158 1531 1341 1602 hanc
1390 1532 1886 1602 invitationem·
1913 1528 2273 1623 pollicitus
2305 1541 2441 1617 est,
2491 1532 2615 1602 ‹la-

598 1648 833 1711 turum
865 1637 929 1704 ei
960 1655 1166 1705 uuam
1197 1633 1625 1726 provinciam
1673 1633 1834 1702 sive
1882 1630 2374 1724 praefecturam
2411 1635 2614 1725 regni

599 1741 749 1823 sui,
814 1735 1129 1808 Jomium
1189 1731 1653 1827 appellatam,
1722 1740 1800 1802 ut
1855 1731 1956 1802 ibi
2018 1732 2268 1803 sedem
2321 1733 2614 1826 figeret3

605 1840 926 1911 daturum
974 1857 1157 1909 vero
1213 1855 1301 1904 ea
1353 1834 1750 1926 proesertim
1793 1833 2224 1919 conditione,
2275 1843 2355 1905 ut
2398 1844 2614 1905 terrae

600 1942 951 2034 regnique
1006 1934 1440 2008 defendendi
1508 1936 1755 2005 socius
1818 1937 1975 2025 regi
2031 1954 2205 2004 esse
2258 1935 2392 2007 hae
2443 1934 2615 2029 lege

600 2049 985 2114 teneretur.
1088 2037 1494 2130 Accepisse
1543 2034 1728 2105 hanc
1776 2034 2223 2105 conditonem
2276 2034 2613 2109 Paluato-

600 2143 766 2213 kius
818 2143 1074 2233 suique
1129 2158 1381 2209 omnes
1435 2137 1798 2222 dicuntur3
1866 2138 2170 2229 ipseque
2224 2140 2455 2208 statim
2506 2140 2613 2208 in-

600 2250 887 2334 gentem
957 2249 1032 2309 et
1090 2239 1351 2308 firmam
1422 2257 1660 2306 arcem
1725 2238 2171 2322 maritimam,
2242 2237 2614 2311 castellum

597 2341 950 2414 «lomense
1000 2338 1090 2410 ab
1146 2359 1239 2409 eo
1291 2347 1613 2429 tempore
1681 2335 2142 2432 appellatam,
2208 2340 2274 2407 in
2328 2342 2612 2432 provin-

600 2445 710 2514 cia
761 2464 894 2513 sua
946 2439 1409 2510 extruendam
1466 2445 1683 2508 curat.
1784 2435 1863 2506 In
1914 2440 2270 2531 superiori
2309 2439 2612 2511 castello

598 2552 876 2639 portum
930 2551 1130 2613 curat
1177 2538 1601 2623 faciendum,
1653 2541 1723 2607 iu
1777 2559 1919 2632 quo
1974 2537 2350 2633 [trecentae
2397 2562 2614 2613 sexa-

601 2640 829 2738 gintal
885 2641 1124 2734 longae
1177 2661 1400 2712 naves
1456 2659 1597 2710 uno
1659 2649 1984 2732 tempore
2052 2650 2247 2710 stare
2291 2653 2611 2735 possent,

598 2750 697 2818 ita
762 2755 838 2816 ut
899 2764 1155 2816 omnes
1222 2740 1525 2813 castello
1595 2739 1895 2811 inclusae
1966 2750 2231 2811 essent.
2347 2741 2613 2814 Aditus

598 2850 671 2918 in
719 2856 997 2941 portum
1049 2865 1304 2937 magno
1334 2841 1633 2914 artificio
1671 2851 1824 2911 erat
1855 2844 2333 2934 praemunituS,
2386 2855 2614 2936 portae

598 2950 911 3041 speciem
963 2944 1260 3030 habens,
1318 2944 1589 3035 ingenti
1629 2950 2136 3035 superstructo
2184 2942 2458 3014 fornice
2511 2945 2612 3015 la-

599 3047 848 3142 pidem
911 3055 1113 3139 porta
1157 3047 1415 3137 januas
1479 3042 1721 3112 habuit
1768 3040 2089 3129 ferreas,
2153 3044 2240 3114 ab
2293 3047 2613 3116 interiori

599 3157 808 3243 portu
862 3144 1212 3217 occlusas.
1313 3142 1595 3215 Fornici
1629 3141 1915 3236 lapideo
1941 3154 2426 3237 superstructa
2459 3156 2614 3217 erat

599 3251 857 3341 ingens
909 3268 1077 3332 arx,
1155 3243 1473 3317 ballistas
1537 3243 1830 3314 habens
1946 3242 2132 3315 Pars
2198 3245 2475 3317 castelli
2539 3250 2613 3318 in

599 3353 772 3421 mari
834 3352 1021 3442 jacta
1087 3357 1241 3418 erat
1307 3344 1633 3440 (castella
1685 3348 1793 3417 sic
1856 3343 2040 3416 facta
2093 3349 2430 3417 maritima
2482 3369 2610 3420 vo-

601 3453 900 3544 cantur),
950 3449 1264 3543 ideoque
1299 3459 1548 3542 portus
1579 3469 1619 3518 a
1651 3444 1954 3518 castello
1996 3445 2510 3520 includebatur.

799 3549 917 3620 24.
1021 3548 1152 3623 His
1204 3548 1555 3621 confectis
1604 3545 1825 3618 rebus
1855 3545 2341 3634 Paluatokius,
2392 3559 2470 3620 ut
2509 3552 2609 3620 ci-

597 3654 794 3724 vitati
849 3649 1035 3746 pluS,
1090 3672 1294 3746 qoam
1346 3648 1583 3720 adhuc
1624 3657 2026 3741 acceperat,
2081 3647 2366 3720 roboris
2400 3660 2607 3721 acce-

601 3754 838 3839 deret,
920 3772 1014 3824 ex
1063 3752 1480 3823 auctoritate
1533 3749 1978 3843 prudentium
2029 3751 2341 3821 virorum
2398 3750 2610 3844 leges

598 3857 669 3924 in
739 3848 907 3925 arce
974 3851 1304 3924 Jomensi
1368 3853 1621 3946 posuit.
1749 3848 1982 3919 Nemo
2023 3852 2113 3919 in
2189 3855 2610 3924 societatem

596 3952 997 4026 Paluatokii
1047 3956 1496 4047 reciperetur
1544 3952 2150 4045 quinquagenario
2186 3956 2430 4046 major,
2483 3973 2609 4023 ne-

599 4076 714 4127 mo
758 4054 1245 4147 duodeviginti
1294 4056 1497 4125 annis
1535 4053 1798 4139 minor3
1851 4073 2103 4125 omues
2146 4055 2378 4126 media
2424 4057 2611 4144 inter

668 4186 716 4256 ι)
751 4187 833 4239 81⁵0
867 4186 929 4245 F,
973 4186 1048 4249 123
1102 4188 1321 4257 amplius
1362 4187 1433 4237 50
1468 4201 1517 4238 ct
1554 4184 1680 4248 2⁰0,
1729 4183 1805 4248 83
1857 4201 1976 4249 tres,
2013 4189 2074 4237 A.
