2950 4684
594 284 764 376 1⁸10
1113 314 1478 366 uisu-omn
1530 314 2048 374 unum-mmm.
2426 318 2500 380 ο,
2531 317 2596 381 3.

589 507 756 570 ante
806 495 1070 570 dictum
1120 508 1274 584 est,
1339 498 1760 592 baptismum
1811 503 2306 592 suscepisset,
2356 499 2598 574 Hako-

590 619 755 670 nem
806 597 1172 688 dynastam
1204 596 1534 692 [Sigurdi
1583 598 1834 671 filinm¹
1890 600 1981 671 ad
2033 599 2598 693 amplectendam

590 695 1010 790 religionem
1083 697 1530 772 christianam
1593 703 1872 790 coegit3
1941 703 2182 794 itaque
2256 700 2371 772 bic
2437 723 2599 774 cnm

591 797 945 885 omnibuS,
997 802 1114 892 qui
1168 809 1310 870 tum
1364 823 1522 871 cum
1567 822 1659 869 eo
1691 799 2183 886 versabantur,
2231 800 2602 892 Norvegis

589 898 985 992 baptizatus
1037 908 1169 970 est.
1270 899 1359 970 Ei
1412 921 1546 972 rex
1589 899 1942 972 Haraldus
1991 901 2422 974 sacerdotes
2467 900 2599 971 ali·

593 1020 823 1093 osque
888 999 1137 1072 clerici
1201 1000 1471 1071 ordinis
1536 1000 1769 1086 dedit,
1827 999 2095 1091 Jubens
2161 1020 2456 1087 curare,
2524 1012 2605 1074 nt

590 1102 979 1171 universus
1025 1098 1420 1192 Norvegiae
1472 1100 1784 1193 populus
1834 1100 2341 1193 baptizaretur,
2409 1101 2603 1195 qnod

591 1198 846 1270 Hakon
900 1200 1197 1290 dynasta
1251 1209 1655 1271 curaturum
1710 1221 1797 1271 se
1847 1203 2268 1294 interposito
2326 1204 2602 1293 jureju-

591 1299 817 1372 rando
868 1300 1272 1393 spopondit,
1375 1298 1475 1371 Ut
1537 1321 1717 1371 vero
1781 1322 1916 1372 rex
1983 1324 2068 1373 ac
2138 1302 2441 1392 dynasta
2496 1300 2601 1371 di-

593 1402 834 1491 gressi
885 1409 1107 1486 erant,
1157 1400 1413 1472 Hakon
1461 1403 1536 1470 in
1567 1398 2004 1493 Norvegiam
2057 1402 2352 1473 rediens
2403 1402 2605 1472 viros

592 1504 782 1578 sacri
862 1500 1132 1572 ordinis
1199 1499 1403 1572 Halsi
1485 1499 1575 1570 ad
1649 1497 2155 1594 Limaijordnm
2246 1502 2604 1594 exposuit,

592 1603 754 1693 ipse
817 1600 1219 1671 christianae
1279 1599 1608 1691 religioni
1659 1604 2124 1686 renuntiavit,
2193 1600 2603 1694 cultumque

592 1699 948 1773 idolorum
1002 1700 1346 1793 deinceps
1398 1705 1468 1771 in
1517 1699 1887 1793 Norvegia
1951 1724 2156 1796 quam
2221 1702 2602 1776 studiosis-

592 1804 774 1876 sime
826 1799 1298 1874 instauravit2.
1399 1800 1567 1873 Rex
1619 1799 2013 1887 Haraldus‚
2081 1804 2412 1893 cognito,
2463 1800 2602 1872 Ha-

593 1900 853 1973 konem
909 1900 1273 1993 dynastam
1302 1900 1723 1995 religionem
1752 1901 2199 1974 christianam
2229 1904 2604 1993 rejecisse,

593 2004 1069 2097 insuperque,
1152 2025 1397 2096 agrum
1474 2003 1824 2073 Danicum
1901 2005 2115 2074 armis
2194 2002 2605 2086 infestasse,

593 2106 893 2194 trajecto
947 2105 1017 2171 iu
1065 2101 1503 2195 Norvegiam
1559 2104 1903 2189 exercitu,
1960 2124 2212 2174 omnes
2261 2104 2606 2193 regiones

595 2204 770 2272 mari
835 2203 1248 2293 adjacentes
1309 2213 1448 2273 tam
1522 2203 1749 2274 effuse
1815 2206 2150 2288 vastavit,
2228 2212 2306 2274 nt
2372 2202 2608 2273 omnia

430 2309 443 2324 ⁸
594 2301 861 2394 praedia
913 2304 1101 2372 inter
1149 2299 1742 2374 Lidaudisnesum
1815 2311 1889 2372 et
1938 2301 2274 2390 Stadum,
2341 2310 2608 2394 praeter

595 2403 905 2495 quinque
956 2403 1088 2472 sita
1118 2404 1188 2471 in
1213 2398 1593 2473 Loeradalo
1624 2400 1903 2493 Sognii,
1954 2403 2248 2474 flammis
2287 2400 2609 2474 absumta

518 2569 525 2580 ‚
598 2510 872 2588 essent,
923 2501 1249 2574 omnibus
1277 2500 1561 2588 incolis,
1613 2502 1874 2597 quibus
1904 2504 2259 2576 evadendi
2302 2499 2607 2576 facultas

596 2601 782 2688 data,
834 2605 912 2672 in
956 2612 1279 2675 montana
1307 2601 1699 2697 sylvasque
1736 2604 2307 2697 profugientibus
2341 2604 2605 2673 omnia·

596 2723 742 2797 qne
810 2702 1097 2776 mobilia
1160 2724 1407 2776 secum
1460 2703 1969 2776 auferentibus.
2038 2703 2204 2775 Rex
2249 2701 2607 2775 Haraldus

594 2802 1024 2898 aliquantum
1075 2809 1416 2909 temporis
1466 2826 1626 2877 cum
1673 2803 1916 2876 classe
1966 2825 2097 2876 sua
2126 2805 2217 2874 ad
2239 2801 2608 2873 Solundas

596 2906 820 2990 stetit,
870 2908 1295 3024 copiasque,
1347 2928 1528 3001 quas
1581 2914 1724 2978 tum
1777 2926 2021 2986 secum
2071 2902 2417 2987 babebat,
2468 2912 2606 2973 tra·

587 3006 825 3096 jicere
892 3007 964 3072 in
1015 3003 1391 3077 lslandiam
1453 3004 1837 3098 populandi
1888 3025 2106 3076 causa
2154 3006 2435 3089 statuit,
2501 3000 2605 3072 ls-

596 3100 856 3174 landos
903 3101 1220 3190 ulturuS,
1285 3105 1471 3198 quod
1541 3125 1827 3177 carmen
1887 3109 1959 3177 in
2023 3126 2110 3176 se
2178 3103 2608 3197 probrosum

598 3204 1199 3295 composuissent,
1251 3207 1490 3297 itaque
1541 3204 1789 3276 famam
1832 3227 2031 3277 suam
2068 3203 2607 3278 laceravissent.

597 3300 766 3375 Rex
815 3300 1172 3376 Haraldus
1222 3302 1574 3376 bominem
1628 3306 2017 3400 quendam,
2086 3307 2384 3398 magicae
2435 3303 2609 3374 artis

600 3407 930 3498 peritum,
979 3404 1211 3476 aliena
1262 3404 1579 3478 indutum
1631 3404 1857 3477 forma
1906 3409 1977 3475 in
2016 3403 2394 3477 lslandiam
2443 3422 2607 3495 per-

599 3523 846 3576 meare
890 3507 1139 3596 jussit,
1199 3504 1588 3600 facereque
1640 3505 2069 3599 periculum,
2134 3504 2391 3600 ecquid
2442 3500 2609 3573 inde

600 3604 769 3676 novi
817 3613 1074 3696 posset
1121 3609 1282 3700 regi
1332 3606 1612 3678 afferre.
1688 3603 1760 3677 Is
1814 3610 1957 3680 ceti
2008 3609 2261 3723 specie
2289 3606 2611 3677 adsumta

598 3701 900 3776 insulam
967 3706 1393 3793 circumivit,
1462 3728 1607 3801 quo
1677 3705 1870 3778 facto
1930 3708 2091 3797 regi
2158 3702 2609 3786 renuntiavit,

598 3799 900 3878 insulam
952 3804 1194 3878 multis
1243 3809 1515 3878 naturis
1564 3804 1984 3878 immanibus
2034 3806 2430 3896 magiae-que
2483 3819 2608 3892 pe-

599 3906 755 3977 ritis
804 3903 1054 3976 incoli·
1122 3913 1386 3979 tantum
1453 3926 1611 3977 eam
1666 3907 1852 3975 inter
1901 3924 1988 3974 ac
2037 3911 2325 3973 ceteras
2373 3910 2610 3971 terras

599 4002 906 4095 pelagus
988 4006 1481 4089 intercedere,
1568 4011 1645 4075 nt
1722 4001 1959 4095 longis
2038 3999 2341 4072 navibus
2410 4009 2613 4072 esset

668 4132 716 4198 ¹)
753 4133 1026 4200 victoriosi,
1074 4132 1130 4186 V.
1215 4131 1264 4199 ²)
1296 4133 1396 4186 Hic
1430 4132 1612 4205 ingens
1649 4133 1828 4186 lacuna
1866 4132 2043 4204 incipit
2079 4129 2134 4185 in
2177 4129 2250 4186 Μ.
