2950 4684
336 356 410 422 c.
436 358 499 422 3.
810 361 909 408 nn
966 357 1272 408 naxon
1330 356 1624 408 unul-:¹11
1678 360 1905 409 mmo.
2096 407 2100 411 ⁴
2170 326 2349 422 895

333 542 709 639 sequentis
776 540 957 630 diei,
1051 565 1264 653 quum
1327 541 1441 614 sol
1511 551 1797 615 montes
1844 540 2344 633 collustrant,

333 662 664 723 serenam
733 648 972 714 auram
1044 644 1291 715 nactus
1356 652 1573 714 terrae
1624 638 1992 717 adlabitur.
2119 643 2344 736 Cujus

332 742 819 861 adnavigantis
870 741 1217 836 splendor
1267 752 1506 814 tantus
1538 753 1712 830 erat,
1767 753 1842 814 ut
1876 763 2084 812 nemo
2117 753 2344 831 esset,

336 844 501 935 quin
556 842 644 912 ad
699 863 859 914 eum
908 843 1288 934 videndum
1324 843 1665 937 prodiret,
1718 843 2059 938 multique
2094 863 2343 936 regem

336 940 643 1034 aliquem
703 941 889 1013 velis
951 926 1213 1014 advehi
1275 953 1618 1037 putarent.
1738 941 1867 1014 Sic
1927 944 2014 1014 ad
2084 954 2343 1015 terram

333 1041 730 1134 adnavigat‚
781 1041 944 1113 vela
1001 1043 1329 1130 demittit,
1382 1063 1685 1115 ancoras
1705 1046 1912 1134 jacit,
1963 1058 2223 1136 pontes
2273 1046 2346 1113 in

332 1148 592 1212 terram
638 1144 955 1236 exponit.
1056 1140 1234 1213 Tum
1286 1142 1546 1213 incolae
1589 1153 2056 1236 agnoverunt,
2106 1143 2346 1215 Hako-

332 1262 491 1311 nem
546 1241 842 1329 adesse3
897 1263 1040 1335 quo
1093 1247 1381 1335 cognito
1435 1245 1665 1315 omnis
1701 1247 2196 1335 circumjectus
2223 1264 2345 1336 pa-

332 1362 471 1434 gus
525 1340 1017 1434 gratulantium
1079 1343 1384 1414 vocibus
1446 1343 1864 1430 resonabat,
1941 1344 2346 1437 ibidemque

332 1443 589 1512 eodem
645 1441 760 1514 die
796 1439 1444 1535 splendidissimum
1499 1446 1897 1514 convivium
1930 1445 2343 1514 instructum

332 1552 468 1629 est,
522 1544 591 1610 in
643 1563 786 1636 quo
836 1540 963 1612 ille
1018 1543 1110 1613 de
1162 1541 1727 1636 profectionibus
1780 1546 1934 1614 suis
1988 1545 2342 1636 exposuit,

333 1644 803 1736 cognatisque
857 1650 931 1713 et
980 1645 1224 1714 amicis
1286 1666 1418 1738 pro
1470 1642 1811 1735 singulari
1865 1663 2110 1714 eorum
2166 1643 2341 1716 fide-

330 1740 529 1813 litate
584 1751 829 1835 grates
884 1743 1253 1836 persolvit.
1356 1743 1549 1836 Quid
1585 1746 2048 1814 narrationem
2079 1743 2170 1814 de
2201 1742 2343 1816 hoc

330 1845 489 1915 viro
542 1842 829 1935 longius
882 1845 1384 1915 extendimus?
1451 1866 1605 1913 nam
1658 1842 1746 1913 ab
1802 1864 1894 1913 eo
1947 1844 2114 1913 inde
2165 1853 2341 1916 tem-

335 1962 511 2035 pore
561 1963 696 2035 per
743 1952 957 2012 totam
1010 1944 1352 2037 reliquam
1406 1947 1618 2016 vitam
1680 1944 2088 2034 dignitatem
2140 1965 2343 2015 suam

332 2043 658 2125 retinuit,
733 2051 988 2112 tantam
1058 2064 1151 2114 ex
1217 2064 1623 2135 congressu
1688 2042 2055 2113 Danorum
2141 2047 2341 2135 regis

329 2144 875 2236 prosperitatem
910 2151 984 2212 et
1013 2142 1453 2234 prudentiam
1480 2163 1637 2213 cum
1664 2141 2047 2213 fabricandi
2086 2143 2341 2215 dexte·

325 2243 533 2313 ritate
604 2249 678 2311 et
745 2240 1132 2313 excellenti
1186 2245 1359 2313 artis
1410 2245 1664 2336 peritia
1716 2253 2189 2329 consecutuS‚
2265 2252 2341 2316 ut

328 2340 709 2414 facultates
767 2346 924 2435 ejus
976 2343 1241 2414 exinde
1292 2365 1645 2437 nunquam
1674 2345 1967 2415 interire
2005 2352 2340 2437 possent3

331 2444 497 2536 quin
550 2445 779 2514 omnia
830 2442 1134 2537 praedia,
1209 2443 1712 2537 prodigalitate
1779 2453 1853 2516 et
1903 2445 2341 2538 negligentia

326 2551 531 2614 antea
581 2546 865 2629 amissa,
915 2544 1241 2630 redemit,
1294 2544 1701 2639 deindeque
1753 2548 2058 2617 omnium
2100 2566 2340 2618 rerum

328 2645 532 2736 copia
586 2640 981 2716 abundavit,
1084 2645 1204 2715 De
1258 2666 1401 2740 qno
1454 2645 1656 2738 plura
1707 2646 1989 2716 referre
2041 2669 2178 2717 non
2211 2644 2335 2718 ha-

331 2744 606 2814 bemus.
735 2741 865 2816 Sic
914 2744 1075 2816 haec
1122 2748 1431 2817 narratio
1486 2746 1580 2817 de
1633 2743 1932 2817 Hakone
1983 2745 2335 2839 Norvego

330 2843 795 2917 concluditur.
