2950 4684
597 340 714 427 46
1106 343 1205 391 lm
1247 344 1556 391 munus
1599 341 2079 420 JoMRRSmUS.
2397 340 2469 402 C,
2509 341 2607 404 17.

598 551 815 624 supra
864 531 1228 599 memorati
1261 527 1497 613 filiam,
1547 549 1811 621 corpus
1835 536 2309 619 ventremque
2338 526 2610 608 facere,

599 629 961 727 gravidam
1013 627 1308 700 scilicet.
1410 626 1607 698 Patri
1659 637 1948 698 secreto
2004 648 2155 697 eam
2198 626 2609 720 alloquenti,

599 732 1088 828 quaerentique
1157 730 1248 798 de
1318 738 1611 799 auctore
1662 729 2120 818 graviditatis,
2193 726 2609 820 respondet,

598 833 974 915 neminem,
1027 839 1289 921 praeter
1340 849 1592 920 regem
1633 827 2039 913 Hal-aldum,
2093 827 2609 898 consvetudine

599 955 847 1005 secum
899 929 1333 1022 implicitum:
1400 950 1634 1022 neque
1665 937 1920 1013 tamen,
1969 938 2042 998 te
2079 927 2241 999 solo
2276 936 2609 1020 excepto,

601 1054 773 1106 ausa
825 1054 980 1104 sum
1038 1031 1282 1100 dicere
1339 1032 1682 1121 cuiquam.
1802 1028 1935 1098 Hic
1987 1027 2148 1098 ille:
2206 1049 2428 1120 euge,
2505 1029 2607 1096 in·

601 1136 769 1228 quit,
825 1153 915 1203 eo
969 1142 1041 1201 te
1093 1129 1316 1224 pluris
1368 1150 1881 1222 usquequaque
1932 1127 2203 1214 faciam,
2273 1151 2413 1221 quo
2465 1150 2607 1196 am-

598 1234 789 1327 plior
839 1241 951 1300 est
999 1233 1088 1316 is,
1160 1250 1460 1323 quocum
1515 1250 1779 1320 corpus
1830 1232 2227 1299 miscueris.
2267 1245 2272 1249 ·
2328 1227 2609 1320 Interea

602 1331 928 1426 procedit
976 1341 1278 1423 tempuS,
1333 1330 1566 1399 donec
1619 1338 1818 1421 partu
1853 1328 2125 1399 levatur
2152 1327 2428 1414 mulier,
2482 1350 2607 1420 pu-

603 1455 799 1504 erum
855 1435 1089 1516 enixa,
1146 1432 1281 1515 cui,
1350 1439 1616 1522 praeter
1665 1429 1951 1500 inditum
2006 1437 2262 1499 nomen
2317 1427 2609 1512 Svenis,

602 1555 697 1604 ex
771 1542 993 1602 matre
1062 1550 1460 1621 cognomen
1534 1526 2216 1600 Sdmaesae-Svenis
2290 1527 2610 1600 adhaesit.

599 1632 842 1704 Tertia
896 1641 1059 1724 post
1110 1630 1268 1700 haec
1319 1641 1573 1700 aestate
1627 1629 1902 1714 accidit,
1956 1639 2030 1700 ut
2081 1652 2217 1703 rex
2252 1628 2609 1700 Haraldus

600 1757 643 1805 a
691 1732 1114 1804 Paluatokio
1166 1734 1234 1800 in
1285 1727 1535 1800 Fionia
1586 1732 1914 1801 convivio
1972 1731 2439 1822 excipiendus
2491 1751 2608 1800 es·

602 1844 736 1906 set.
839 1832 1005 1923 Quo
1051 1854 1206 1904 cum
1259 1833 1603 1915 venisset,
1652 1829 2119 1900 Palnatokius
2153 1830 2398 1902 AEsam
2432 1829 2608 1900 allo-

601 1944 810 2007 cutus
861 1938 983 2026 (eo
1039 1935 1220 2001 enim
1276 1946 1595 2016 venerat,
1648 1931 1955 2000 adducto
2007 1929 2178 2013 filio,
2254 1953 2463 2024 quem
2517 1951 2611 2000 ex

600 2046 707 2108 se·
741 2044 1185 2129 procreatum
1252 2032 1338 2101 ab
1408 2053 1586 2123 rege
1642 2029 1953 2101 Haraldo
2006 2033 2393 2126 asseruit)t
2465 2034 2607 2124 jam

600 2156 849 2228 regem
903 2135 1267 2205 audaciter
1317 2133 1532 2218 adito,
1584 2135 1837 2226 inquit,
1912 2154 2053 2223 quo
2106 2142 2429 2224 tempore
2484 2153 2609 2225 po-

602 2234 779 2306 culis
828 2235 1131 2318 adsidet,
1206 2252 1509 2325 eumque
1564 2232 1775 2303 multa
1828 2254 1982 2301 cum
2037 2232 2362 2303 libertate
2418 2255 2608 2304 com·

602 2333 866 2426 pellato
926 2333 1016 2403 de
1070 2335 1160 2403 iis
1215 2331 1456 2417 rebuS,
1512 2354 1687 2425 quas
1738 2341 1856 2401 tua
1911 2335 2272 2404 interesse
2304 2334 2607 2426 judicas

598 2433 912 2507 Puerum
969 2454 1257 2526 quoque
1312 2443 1542 2502 tecum
1600 2434 1971 2518 adducito,
2054 2455 2445 2528 regemque
2499 2433 2610 2504 his

602 2533 1068 2628 compellato:
1149 2533 1288 2603 huc
1338 2532 1616 2603 adduco
1673 2554 1966 2627 puerum
2021 2533 2334 2620 huncce,
2400 2557 2607 2628 quem

602 2638 721 2730 qui
776 2656 869 2705 ex
921 2654 1032 2704 me
1087 2636 1520 2726 procrearit,
1592 2643 1854 2727 praeter
1904 2643 2018 2719 te,
2087 2656 2221 2704 rex
2275 2634 2609 2720 Haralde,

600 2735 1117 2808 consvetudine
1154 2755 1425 2805 mecum
1458 2734 1856 2827 implicitum
1895 2736 2008 2826 ajo
2041 2738 2410 2807 neminem.
2461 2735 2607 2805 Ve-

560 2860 750 2909 -rum
806 2858 1246 2930 quaecunque
1299 2834 1419 2906 tibi
1472 2856 1819 2928 responsa
1855 2835 2138 2907 dederit
2187 2858 2345 2921 rex,
2398 2836 2612 2907 multa

600 2960 760 3009 cum
812 2936 1137 3005 libertate
1190 2936 1413 3007 verba
1463 2935 1708 3007 facere
1762 2945 2149 3023 mement03
2235 2958 2375 3027 ego
2432 2958 2608 3008 vero

512 3030 523 3035 ’
599 3057 825 3129 prope
877 3035 1238 3135 adsistam,
1292 3046 1508 3128 teque
1561 3039 1932 3128 responsis
1979 3038 2158 3106 meis
2190 3036 2611 3123 sublevabo,

599 3157 981 3228 causaeque
1051 3145 1191 3205 tuae
1251 3136 1763 3227 patrocinabor.
1879 3134 2005 3207 Sic
2058 3136 2256 3222 facit,
2334 3141 2433 3210 uti
2486 3137 2609 3208 ille

597 3246 960 3308 evaserat:
1032 3237 1310 3307 accedit
1373 3237 1458 3307 ad
1532 3257 1783 3328 regem
1836 3235 2250 3326 Haraldum‚
2314 3259 2607 3332 puerum

596 3360 842 3409 secum
897 3337 1304 3422 adducens,
1380 3338 1779 3430 iisdemque
1835 3340 2051 3407 utitur
2100 3338 2380 3425 verbis,
2449 3360 2609 3432 quae

600 3441 668 3507 ei
696 3447 1172 3531 suggesserat
1201 3436 1683 3509 Paluatokius.
1788 3435 1971 3527 Quae
2013 3438 2232 3510 verba
2261 3462 2417 3511 cum
2457 3438 2608 3509 elo-

599 3548 760 3609 cuta
813 3540 1069 3624 fuerat,
1122 3560 1254 3609 rex
1309 3541 1628 3632 protinus
1684 3541 2076 3631 excipienS,
2130 3543 2398 3636 quaerit,
2451 3562 2611 3632 quae
2691 3543 2702 3549 ’
2747 3546 2756 3551 ’

599 3639 846 3710 haecce
899 3639 1157 3709 femina
1209 3642 1304 3710 sit
1357 3648 1564 3709 tantae
1616 3641 1685 3708 in
1721 3659 1965 3729 regem
2006 3641 2481 3731 impudentiae,
2535 3652 2613 3711 ut

596 3743 732 3812 ista
782 3739 1111 3833 proloqui
1162 3739 1442 3825 audeat,
1497 3760 1799 3834 eamque
1856 3739 1949 3809 de
1989 3743 2271 3811 nomine
2308 3762 2609 3834 percon-

596 3851 799 3912 tatur.
901 3839 1053 3925 llla,
1111 3843 1352 3910 vocari
1377 3840 1650 3926 AEsam,
1703 3839 1909 3909 filiam
1965 3861 2135 3910 esse
2186 3845 2435 3913 rustici
2484 3839 2611 3913 ali·

595 3945 801 4033 cujus
824 3942 1029 4012 Dani.
1130 3939 1333 4011 Rex:
1389 3950 1464 4012 tu
1515 3963 1692 4012 vero
1750 3943 2113 4017 mirumtin
2168 3944 2445 4013 modum
2486 3945 2609 4011 im-

596 4041 876 4133 pudens
929 4049 1002 4111 et
1051 4040 1264 4112 stulta
1319 4063 1425 4127 es,
1475 4044 1725 4137 inquit3
1799 4062 2069 4128 verum,
2121 4047 2184 4116 si
2239 4043 2612 4117 incolumis

598 4161 771 4211 esse
826 4143 1051 4233 cupiS,
1105 4163 1281 4213 cave
1333 4145 1600 4234 saepius
1650 4146 1784 4214 ista
1840 4141 2154 4269 loquare.
2262 4145 2394 4217 Hic
2442 4142 2634 4215 Pal:
