2950 4684
595 295 763 386 m
1121 321 1487 380 ms'roms
1541 306 2055 370 xntrmnann‘m.
2259 285 2262 290 ¹
2369 320 2598 387 30,19,

583 508 728 593 hat,
779 526 983 599 quam
1039 504 1228 598 quod
1303 508 1371 575 ei
1438 502 1657 576 multo
1722 507 1985 595 majora
2035 502 2292 575 tributa
2349 514 2423 575 et
2471 526 2597 575 ve-

587 604 867 699 ctigalia
921 603 1272 676 extribus
1299 604 1636 695 gentibus
1664 603 2010 689 redibant,
2062 623 2268 697 quam
2299 602 2594 675 aliorum

585 711 939 800 cuiquam,
1008 707 1122 799 qui
1188 707 1306 775 uni
1367 714 1630 776 tautum
1698 721 1928 796 reguo
1981 707 2383 797 imperavit3
2455 721 2597 798 quo

582 806 903 892 accedit,
956 804 1147 899 quod
1199 802 1463 896 Anglia
1515 814 1864 875 terrarum
1915 804 2597 898 septemtrionalium

585 909 908 1004 pecuniis
994 914 1108 975 est
1182 903 1753 997 locupletissima.
1895 905 2071 996 Ejus
2154 903 2600 976 liberalimtis

587 1029 798 1081 uuum
862 1009 1039 1078 satis
1094 1008 1229 1075 erit
1293 1007 1768 1076 testimonium
1841 1005 2120 1074 afferre.
2249 1004 2381 1074 Vir
2446 1014 2601 1076 erat

586 1110 870 1179 nomine
921 1103 1271 1175 Thorai-in
1323 1101 1722 1196 Lovtunga,
1780 1108 2061 1174 natione
2091 1103 2440 1189 Islandus,
2493 1107 2597 1174 in-

587 1210 815 1299 signis
869 1214 1119 1298 pocta,
1184 1207 1301 1297 qui
1355 1221 1642 1296 operam
1697 1224 1894 1276 suam
1949 1204 2432 1297 compluribus
2483 1226 2597 1275 re-

589 1307 802 1399 gibus
857 1315 930 1375 et
986 1303 1416 1397 princibihus
1467 1307 1643 1375 viris
1695 1303 1915 1397 longo
1946 1313 2268 1397 tempore
2300 1305 2597 1375 addixe-

587 1416 714 1479 rat.
814 1404 909 1491 Is,
951 1408 1092 1497 jam
1147 1413 1356 1476 aetate
1412 1414 1839 1497 provectus,
1891 1406 1979 1475 ad
2033 1405 2596 1477 conveniendum

585 1527 834 1598 regem
864 1505 1202 1590 Knutum,
1246 1506 1338 1575 de
1385 1527 1527 1597 quo
1559 1525 1848 1575 carmen
1881 1514 2400 1598 composuerat,
2435 1526 2595 1598 pro·

500 1613 523 1634 ‘
588 1607 825 1680 fectus
878 1614 1015 1692 est,
1068 1625 1462 1698 regemque
1516 1605 1805 1691 adiens,
1855 1628 2063 1699 quum
2119 1597 2600 1690 salutavisset,

588 1709 937 1802 quaesivit,
988 1728 1077 1777 an
1128 1707 1438 1789 carmini,
1489 1705 1677 1797 quod
1730 1708 1801 1776 in
1854 1726 2012 1776 eum
2049 1706 2368 1790 fecisset,
2419 1726 2601 1798 prae-

586 1808 766 1879 here
819 1827 1034 1878 aures
1081 1803 1325 1876 vellet.
1405 1805 1688 1876 Accidit
1740 1805 1884 1876 hoc
1919 1827 2010 1877 eo
2057 1817 2403 1899 tempore,
2456 1827 2599 1897 quo

587 1929 721 1979 rex
776 1909 1045 1977 mensis
1072 1904 1466 1991 adsidebat,
1520 1905 1818 1977 ferculis
1868 1910 1999 1998 jam
2053 1909 2369 1978 remotis
2440 1904 2598 1976 Sta-

584 2007 754 2080 bant
802 2017 965 2079 ante
1021 2027 1329 2076 mensam
1381 2005 1632 2099 aliqui,
1704 2009 1823 2100 qui
1892 2028 2152 2078 causas
2201 2028 2377 2079 suas
2427 2023 2598 2097 age·

587 2107 778 2192 hant,
836 2128 1131 2202 quorum
1186 2105 1489 2177 orationi
1549 2128 1683 2177 rex
1735 2110 1961 2200 primo
2016 2129 2232 2180 aures
2280 2108 2600 2178 advertit.

590 2207 738 2298 Qui
804 2229 1010 2299 quum
1097 2217 1599 2299 perorassent,
1685 2205 2074 2294 Thuraria,
2158 2211 2414 2302 quippe
2480 2210 2601 2301 qui

586 2327 837 2398 magna
888 2307 1348 2397 apud-reges
1400 2305 1594 2378 fandi
1638 2305 1966 2378 libertate
2021 2310 2122 2380 uti
2173 2317 2375 2378 efflet
2425 2306 2599 2378 soli-

587 2418 728 2492 tus,
776 2408 1188 2498 saepiusque
1242 2406 1460 2476 verba
1515 2427 1751 2477 coram
1807 2408 2238 2502 principibus
2263 2407 2616 2484 fecissetz.

586 2511 840 2577 iterum
899 2526 1053 2589 oro,
1107 2505 1412 2592 domine,
1464 2509 1710 2600 inquit,
1763 2511 2049 2579 carmini
2078 2529 2240 2579 meo
2264 2520 2342 2578 ut
2384 2525 2602 2580 aures

588 2605 941 2699 praebeas,
989 2608 1236 2698 paucis
1287 2616 1548 2677 tantum
1580 2607 1919 2699 strophis,
1975 2612 2302 2700 exiguam
2337 2628 2599 2678 moram

589 2708 1129 2799 interposituris.
1228 2705 1635 2800 Respondit
1681 2705 1999 2794 Knutus,
2069 2708 2332 2779 vultum
2386 2712 2602 2800 majo-

589 2829 740 2880 rem
792 2810 865 2878 iu
915 2807 1196 2878 modum
1252 2810 1500 2878 iratum
1556 2811 1624 2877 in
1692 2829 1849 2878 eum
1920 2819 2387 2881 convertens:
2460 2808 2599 2879 hoc

588 2928 800 2978 nemo
849 2916 1012 2978 ante
1066 2917 1141 2977 te
1191 2907 1398 2992 fecit,
1468 2918 1547 2979 ut
1607 2912 1676 2978 in
1731 2929 1846 2978 me
1914 2912 2259 3001 poematia
2312 2929 2599 3001 compo-

586 3008 846 3092 suerin
913 3027 1045 3097 pro
1113 3016 1316 3079 certo
1380 3011 1601 3094 seito,
1670 3030 1874 3079 mane
1942 3013 2261 3101 proximo
2331 3007 2460 3081 tibi
2510 3007 2599 3082 ad

588 3127 701 3175 me
754 3104 931 3175 hora
982 3106 1252 3197 prandii
1306 3109 1774 3193 veniendum,
1832 3112 2243 3203 justumque
2291 3123 2597 3194 carmen,

589 3208 869 3298 triginta
955 3215 1076 3276 aut
1150 3204 1474 3298 pluribus
1561 3207 1881 3301 strophis
1948 3218 2326 3294 constans,
2408 3207 2597 3302 quod

586 3308 728 3377 isto
781 3308 1121 3398 temporis
1172 3306 1554 3378 intervallo
1599 3330 1644 3377 a
1697 3318 1769 3378 te
1817 3311 2426 3401 compositumsit,
2479 3328 2600 3378 co-

588 3426 734 3476 ram
805 3426 919 3475 me
990 3409 1613 3499 pronuntiandum,
1696 3408 1906 3478 aliter
1969 3409 2094 3479 tihi
2161 3409 2596 3479 moriendum

593 3526 784 3576 esse.
886 3506 1252 3577 Discessit
1317 3505 1710 3594 Thorarin,
1782 3530 2209 3603 carmenque
2282 3509 2599 3579 laudato-

589 3606 766 3674 rium
823 3605 914 3675 de
962 3615 1146 3698 ‘rege
1197 3605 1436 3678 Knuto
1490 3607 1807 3678 condere
1872 3612 2118 3701 coepit,
2189 3610 2382 3701 quod
2447 3627 2599 3678 car-

589 3721 753 3774 men
805 3704 1205 3798 appellatur
1252 3706 1637 3780 Redemtio
1691 3707 1995 3801 Capitis,
2060 3709 2148 3778 ad
2205 3707 2394 3801 quod
2449 3728 2603 3778 car-

591 3825 753 3874 men
805 3803 1314 3875 conficiendum
1371 3811 1625 3894 omnia,
1679 3830 1837 3902 quae
1900 3806 2223 3878 adhiberi
2279 3815 2603 3899 possent,

593 3925 685 3975 ex
736 3908 1090 3998 poematio
1143 3904 1269 3974 illo
1320 3908 1389 3975 in
1441 3930 1644 3982 usum
1695 3928 1901 3977 suum
1936 3909 2307 3989 convertit,
2360 3912 2602 3997 poste-

592 4023 820 4096 roque
874 4026 1074 4076 mane
1129 4026 1413 4076 carmen
1464 4007 1552 4077 ad
1608 4026 1916 4076 mensam
1968 4009 2236 4098 regiam
2294 4026 2600 4100 pronun-

593 4102 819 4186 tiavit,
888 4103 1169 4175 fortuna
1237 4109 1490 4197 coeptis
1558 4108 1856 4196 egregie
1891 4107 2336 4201 adspirante.
2438 4104 2607 4176 Rex
