2950 4684
320 310 395 372 0,
420 305 656 373 :16·17.
864 309 1224 358 nas-roma
1283 309 1796 362 κιιιιτιιιᾼιωῑιι.
2169 287 2337 376 1OE

318 492 593 586 Anglia·
636 491 948 585 expulit3
1018 493 1211 585 quod
1273 502 1645 587 antequam
1710 493 2004 566 confieri
2055 510 2332 588 posset,

318 593 532 666 multa
587 595 963 663 commissa
1014 602 1179 662 sunt
1231 592 1516 685 proelia3
1581 595 1750 678 sed,
1815 594 2100 668 sublato
2151 618 2331 690 rege

317 694 742 779 Jatmundo,
811 691 1069 766 nullam
1140 692 1491 764 adversus
1541 715 1792 786 regem
1842 695 2151 769 Knutum
2207 720 2329 770 co-

319 802 497 893 piam
551 793 971 865 auxiliorum
1026 795 1209 864 nacti
1261 802 1462 864 sunt.-
1557 792 1681 867 Sie
1727 793 2067 888 Sigvatus
2120 808 2332 891 poeta

317 903 389 969 in
440 897 766 967 encomio
818 889 1074 964 Knuti:

620 993 714 1065 Et
761 993 1048 1066 Knutus
1098 991 1440 1064 Adalradi

622 1093 809 1164 filios
860 1093 1114 1185 proelio
1165 1093 1373 1178 vicit,

620 1196 1063 1285 eonjunetOS,
1112 1203 1236 1264 aut
1288 1195 1500 1263 etiam

618 1293 944 1384 singulos
996 1293 1285 1386 expulit.
1349 1311 1361 1324 ¹

315 1395 494 1484 Tum
548 1414 635 1465 se
682 1393 807 1464 filii
861 1397 1059 1486 regis
1109 1392 1450 1464 Adalradi
1505 1393 1576 1461 iu
1626 1390 2148 1480 Normanniam,
2209 1418 2330 1468 oe-

316 1494 741 1568 cidentalem
771 1493 1167 1564 Vallandiae
1217 1503 1509 1586 partem,
1561 1491 2032 1578 contulerunt,
2085 1495 2330 1591 ibique

319 1599 439 1667 diu
466 1595 650 1688 apud
682 1593 1083 1665 avunculos
1113 1614 1314 1678 suos,
1364 1591 1757 1663 Robertum
1807 1603 1880 1663 et
1905 1593 2331 1686 Viljalmum‚

312 1689 411 1768 uti
466 1704 1085 1766 commemoratum
1153 1702 1267 1765 est
1329 1696 1398 1762 in
1451 1691 1745 1765 historia
1800 1691 2011 1764 Olavi
2064 1693 2332 1784 Sancti,

314 1798 725 1868 commorati
778 1804 961 1865 sunt.
1064 1794 1385 1886 Dynasta
1421 1792 1706 1867 Eirikus
1751 1792 2066 1866 Hakonis
2118 1797 2330 1883 filine,

315 1920 468 1968 eum
540 1898 767 1966 itineri
839 1894 1128 1966 Romam
1201 1898 1562 1966 accinctus
1631 1904 1869 1979 esset,
1949 1899 2016 1964 in
2066 1896 2330 1987 Anglia

316 1998 525 2084 obiit3
575 1999 666 2080 is,
716 2005 915 2066 secta
971 1994 1209 2080 uvula,
1262 2017 1420 2065 eum
1465 1995 1621 2064 sisti
1656 1997 1952 2083 sanguis
1979 1999 2330 2087 nequiret,

318 2106 617 2168 mortem
673 2099 985 2187 oppetiit.
1086 2094 1331 2164 Knuto
1402 2096 1561 2184 regi
1618 2102 1691 2162 et
1741 2091 2008 2164 Emmae
2062 2097 2331 2186 reginae

321 2209 472 2269 tres
504 2196 709 2266 liberi
742 2195 1061 2266 fuerunt:
1114 2193 1493 2279 Haraltlus⁹
1547 2202 1706 2266 natu
1734 2197 2098 2280 maximae,
2150 2194 2337 2268 aiter

314 2297 606 2370 Knutus
644 2295 1080 2380 Hor-densis,
1150 2295 1290 2364 filia
1342 2292 1738 2379 Gru-milda,
1805 2304 2055 2386 postea
2110 2298 2342 2389 impe·-

314 2399 534 2470 ratori
583 2394 927 2466 Henreko
993 2392 1350 2479 Liberali,
1414 2398 1535 2488 qui
1603 2414 1694 2465 ex
1746 2398 1897 2466 suis
1950 2396 2334 2486 majoribus

322 2520 413 2569 eo
467 2499 745 2569 nomine
800 2498 1057 2566 tertius
1095 2503 1271 2581 erat,
1322 2504 1609 2587 nuptum
1653 2495 1829 2566 data.
1906 2493 2131 2567 Sveiu
2184 2507 2332 2570 ter-

320 2602 462 2669 tius
517 2607 671 2668 erat
719 2597 918 2685 regis
969 2594 1190 2667 Knuti
1239 2593 1454 2679 filius,
1503 2598 1708 2686 cujus
1759 2603 1984 2666 mater
2033 2595 2164 2666 fuit
2202 2595 2333 2667 Al·

317 2698 453 2770 fiva
505 2697 625 2768 illa
677 2706 957 2788 potens,
1007 2695 1312 2766 Alvruni
1370 2695 1696 2786 dynastae
1747 2694 1907 2764 filia.

640 2795 818 2867 Rex
873 2791 1104 2865 Svein
1151 2798 1233 2866 in
1287 2793 1737 2889 Norveyiam
1785 2796 2005 2864 venit.

520 2895 638 2967 17.
741 2895 907 2985 Quo
977 2905 1299 2989 tempure
1371 2914 1506 2964 rex
1569 2892 1856 2965 Knutus
1905 2890 2187 2985 Angliae
2258 2904 2334 2966 et

317 2998 613 3081 nanim,
684 3018 773 3066 eo
830 2993 1109 3086 Olavus
1162 2992 1451 3066 Haraldi
1519 2994 1707 3066 filius
1755 2993 2149 3085 Norvegiae
2202 2997 2331 3064 im-

320 3099 619 3189 peravit.
722 3079 938 3186 Qued
991 3117 1286 3188 regnum
1343 3117 1504 3166 cum
1556 3107 1944 3188 oocuparet
1995 3115 2123 3165 rex
2158 3092 2333 3167 ola·

319 3219 479 3281 νιιε,
533 3195 717 3288 pulsi
786 3195 902 3266 ab
946 3217 1036 3268 eo
1108 3199 1331 3288 patria
1400 3217 1701 3270 cessere
1758 3196 2057 3287 dynasta
2110 3194 2340 3268 Sveiu

318 3295 641 3367 Hakonis
706 3295 895 3372 filius
972 3298 1046 3367 et
1119 3296 1374 3367 Hakou
1452 3297 1755 3389 dynasta
1825 3296 2051 3366 Eiriki
2124 3293 2340 3378 filius,

321 3399 521 3487 regis
583 3395 804 3466 Knuti
874 3417 972 3466 ex
1053 3418 1309 3468 sorore
1392 3417 1661 3487 ηεροδ,
1719 3398 1864 3487 ·qui
1951 3397 2020 3462 in
2091 3392 2340 3484 Angli·

320 3517 429 3564 am
496 3496 587 3566 ad
658 3515 905 3587 regem
974 3494 1322 3580 Knutum‚
1387 3493 1806 3566 avunculum
1859 3516 2105 3580 suum,
2173 3515 2342 3586 pro·

318 3594 555 3666 fectus
609 3605 684 3666 et
744 3594 1138 3666 liberaliter
1202 3593 1290 3664 ab
1363 3615 1453 3664 eo
1512 3601 1876 3685 exceptus
1930 3604 2060 3665 est.
2161 3593 2342 3664 lude

316 3693 587 3766 bellum
660 3696 892 3766 extitit
957 3698 1144 3766 inter
1216 3714 1465 3784 regem
1540 3691 1846 3766 Olavum
1928 3703 2003 3766 et
2087 3713 2342 3786 regem

317 3792 651 3865 Kuutum.
753 3793 921 3864 Rex
950 3793 1234 3865 Knutus
1291 3801 1362 3863 et
1393 3792 1645 3863 Hakon
1700 3793 2022 3886 dynasta,
2075 3795 2342 3866 invicto

319 3897 647 3966 exercitu
732 3896 803 3963 in
872 3893 1311 3986 Norvegiam
1399 3896 1741 3984 trajecto,
1830 3904 2177 3982 vergente
2246 3891 2338 3962 ad

317 3991 525 4063 finem
596 3995 894 4087 imperio
967 3997 1169 4087 regis
1233 3992 1449 4065 Olav1
1466 4045 1489 4079 ,
1559 4002 1781 4064 totum
1847 3992 1990 4063 sibi
2041 4013 2336 4085 regnum

321 4092 807 4185 subjecerunt.
910 4090 1086 4163 Tum
1141 4114 1272 4164 rex
1327 4092 1610 4166 Knutus
1654 4091 2023 4163 Hakonem
2078 4114 2338 4185 cogna-
