2950 4684
315 334 388 400 c.
418 331 529 400 26.
860 334 1233 386 ursronu
1288 333 1809 412 mannua-um
2164 310 2342 402 m

319 522 660 613 accipiat,
728 515 946 588 multa
997 516 1242 610 largiri
1296 516 1541 605 debet3
1615 519 1679 587 ei
1734 527 2148 592 ornamento
2202 532 2339 608 est,

319 625 384 693 si
432 623 533 696 sit
580 618 806 692 forma
861 615 1113 710 pulcra
1168 627 1242 689 et
1291 616 1687 712 spectabili,
1740 628 1815 692 et
1865 641 2022 691 cum
2076 623 2340 713 optimo

320 730 572 794 ornatu
621 720 1075 812 conspicuus.
1194 718 1374 790 Eum
1444 739 1695 810 regem
1767 718 2154 811 eligamuS‚
2217 724 2339 814 qui

319 821 649 896 omnibus
713 817 1128 905 virtutibus,
1204 820 1419 890 modo
1490 822 1933 906 memoratis,
2001 822 2342 912 praeditus

319 926 446 996 sit:
516 942 671 992 nam
738 940 876 994 rex
927 917 1162 994 bonus
1216 918 1424 992 nobis
1479 918 1734 989 melior
1786 929 1862 990 et
1910 919 2152 990 utilior
2203 931 2341 1007 est,

319 1045 528 1118 quam
596 1041 848 1096 omnes
911 1022 1173 1112 priscae
1240 1018 1451 1111 leges
1520 1029 1808 1090 nostrae.
1921 1019 2053 1092 His
2101 1030 2340 1096 autem

321 1122 648 1195 omnibus
709 1118 1123 1207 virtutibus,
1199 1142 1380 1213 quas
1453 1123 2069 1206 enumeravimus,
2134 1119 2344 1193 solus

321 1223 611 1298 Knntus
659 1231 955 1294 ornatus
1008 1231 1153 1307 est3
1223 1219 1445 1315 [bunc
1501 1219 1779 1311 eligere
1832 1241 2081 1312 regem
2137 1220 2342 1293 volu·

323 1322 538 1396 mus¹.
654 1320 827 1393 Tam
904 1320 1237 1393 salutaria
1319 1319 1619 1394 consilia
1698 1320 1976 1393 civibus
2043 1321 2346 1396 dederat

322 1447 460 1498 rex
512 1422 776 1509 Svein,
828 1430 906 1491 ut
956 1419 1145 1493 hand
1199 1419 1484 1494 dubium
1538 1423 1674 1506 sit,
1725 1424 1890 1515 quin
1942 1420 2055 1492 bis
2106 1424 2174 1492 in
2225 1443 2343 1493 re-

323 1525 497 1610 bus,
562 1526 734 1596 tanti
801 1522 889 1592 ad
962 1520 1264 1593 salutem
1335 1520 1688 1614 publicam
1742 1525 2114 1607 momenti,
2185 1524 2344 1614 ejus

322 1629 810 1698 anctoritatem
863 1626 1072 1715 sequi
1124 1621 1451 1694 omnibus
1479 1624 1943 1694 cummaxime
1990 1623 2345 1716 expediat.

321 1725 552 1818 HuJus
604 1727 831 1796 oratio
883 1744 1134 1814 magna
1202 1727 1508 1794 omnium
1561 1722 2067 1796 acclamatione
2127 1744 2343 1794 exce-

320 1836 471 1919 pta,
523 1823 710 1895 bene
761 1821 984 1896 verba
1037 1824 1306 1895 secisse
1360 1825 1906 1918 praedicantium.
2011 1824 2144 1898 Hie
2193 1823 2343 1915 Ey-

326 1927 584 2000 vindus
634 1923 893 2009 Bivra‚
964 1927 1070 1995 vir
1130 1934 1424 2016 potens,
1493 1924 1829 2016 Asbjorni
1894 1924 2222 2015 dynastae
2272 1927 2345 1994 in

322 2028 568 2120 primis
618 2026 923 2109 amicus,
990 2027 1343 2109 surrexit,
1413 2033 1489 2095 et
1537 2024 1725 2096 facto
1778 2022 2066 2095 silentio
2118 2024 2344 2096 verba

321 2128 528 2213 sccit,
594 2129 701 2196 sic
752 2145 1155 2198 sermonem
1211 2145 1459 2194 orsus:
1532 2126 1669 2196 etsi
1721 2144 1884 2208 reS,
1954 2146 2158 2216 quam
2224 2122 2344 2195 hic

329 2228 850 2319 disceptamus,
931 2225 1274 2317 expeditu
1338 2223 1525 2296 baud
1593 2223 1821 2298 facilis
1893 2234 2039 2309 est,
2109 2235 2344 2298 tamen

325 2349 468 2399 non
522 2348 612 2397 eo
665 2328 892 2399 minus
945 2329 1177 2418 poscit
1204 2328 1640 2411 necessitaS,
1691 2333 1768 2412 ut
1793 2323 2097 2418 aliquem
2130 2324 2344 2398 nobis

326 2450 574 2520 regem
656 2447 1034 2497 sumamus.
1166 2423 1444 2496 Omnes
1540 2428 1957 2519 perspicere
2050 2435 2342 2520 querant,

323 2527 635 2602 Knutum
705 2525 1045 2621 plurimas
1106 2525 1375 2597 babere
1445 2529 1787 2612 virtutes,
1855 2530 2015 2618 regi
2065 2525 2344 2599 Danieo

326 2630 813 2714 necessarias3
866 2647 1111 2721 quare,
1166 2630 1302 2700 etsi
1354 2629 1612 2720 priscae
1669 2625 1877 2716 leges
1932 2635 2199 2698 nostrae
2249 2628 2343 2702 ad

329 2729 541 2802 alium
596 2731 831 2822 potins
886 2730 1288 2820 respiciant,
1341 2747 1501 2798 eum
1556 2726 1838 2821 quidem
1889 2728 2173 2800 minime
2225 2748 2342 2798 re-

329 2848 591 2904 cusare
643 2847 891 2918 regem
947 2827 1313 2900 volumus:
1383 2826 1556 2911 sed,
1622 2829 1687 2900 si
1741 2825 2251 2900 discedendum
2303 2847 2347 2900 a

329 2930 619 3022 legibus
671 2938 818 3013 est,
888 2927 958 2997 id
1031 2927 1185 2999 fieri
1255 2936 1541 3020 oportet
1604 2947 1697 3000 cx
1751 2927 2053 3000 omnium
2108 2929 2348 3021 reipu..

329 3030 538 3104 blicae
590 3029 1233 3102 administratorum
1289 3037 1362 3098 et
1412 3029 1798 3120 principum
1852 3037 2020 3100 voto
2074 3036 2148 3100 et
2175 3049 2347 3102 una·

329 3134 493 3204 nimi
565 3140 976 3202 cunctorum
1055 3149 1435 3202 consensu.
1553 3128 1720 3206 Non
1793 3128 2003 3202 adest
2084 3127 2199 3200 his
2275 3133 2350 3204 in

333 3232 635 3304 comitiis
675 3228 925 3322 Bjorn,
976 3228 1196 3302 frater
1247 3232 1470 3322 regis,
1523 3251 1709 3304 unus
1761 3232 1831 3299 in
1886 3228 2350 3302 excellentis«

329 3333 525 3406 simis
577 3333 858 3416 civium,
911 3352 1349 3424 summaeque
1403 3332 1860 3402 auctoritatis.
1955 3328 2351 3422 [Quaeres

333 3454 488 3504 cum
542 3429 728 3502 haud
771 3451 1014 3523 parum
1047 3428 1477 3504 difficultatis
1506 3430 1777 3514 afferat,
1827 3432 2006 3499 ratio
2035 3427 2350 3502 svadcre

328 3532 645 3617 videtur,
702 3541 810 3616 ut,
862 3530 1188 3602 adhibitis
1240 3529 1566 3601 omnibns
1613 3530 1899 3620 optimis
1949 3531 2165 3615 viris,
2230 3531 2352 3624 qui

332 3631 632 3722 alicujus
683 3633 1120 3705 auctoritatis
1174 3632 1338 3715 sint,
1391 3650 1554 3700 cras
1604 3627 1746 3698 hoc
1798 3628 1964 3701 loco
2003 3633 2345 3702 conveni·-

331 3752 557 3816 amus,
613 3752 1004 3825 regemque
1061 3751 1155 3801 cx
1207 3729 1446 3821 legum
1500 3732 1919 3823 praescripto
1967 3750 2349 3816 sumamus,

333 3836 539 3926 cujus
597 3832 956 3925 dignitatis
1009 3832 1472 3926 praerogativa
1541 3850 1728 3902 nunc
1779 3830 2064 3924 quidem
2120 3849 2350 3923 penes

204 4015 209 4020 ,
329 3931 638 4008 Knntum
713 3954 886 4006 esse
956 3934 1258 4005 videtur.
1387 3925 1554 4001 Sic²
1619 3931 1909 4002 dimissa
1977 3932 2354 4016 concione,

329 4032 611 4107 Knutus
664 4035 753 4105 ad
811 4055 1034 4107 naves
1084 4055 1256 4105 suas
1285 4030 1678 4104 descendit.
1756 4031 1993 4103 Nocte
2033 4031 2352 4124 proxime

402 4164 450 4234 ¹)
489 4168 655 4222 omitt.
691 4170 751 4236 S,
777 4167 833 4221 V.
905 4168 957 4233 ²)
979 4166 1338 4244 UtEyvindao
1376 4167 1532 4222 finem
1572 4165 1775 4222 dicendi
1807 4168 2014 4231 fecerat,
2051 4161 2350 4232 S,T‚,G.E.
