2950 4684
366 339 442 403 c,
474 338 695 404 ,flu-52,
917 341 1282 390 msroma
1339 344 1854 393 normanum.
2204 321 2380 411 243

362 534 558 597 tanto
629 526 921 599 militum
994 529 1292 602 tumultu
1356 551 1439 601 ac
1511 531 2026 604 vociferatione
2077 535 2372 607 animum

360 627 801 699 advertente.
1333 718 1339 724 ⁸

904 728 1030 800 De
1078 727 1444 822 Asbjorne
1494 729 1831 827 dynasta.

563 826 683 898 52.
785 828 1124 901 Ceterum
1178 831 1488 924 Ashjorn
1542 835 1845 925 dynasta
1895 855 2055 906 cum
2099 837 2255 906 suis
2282 832 2374 907 ad

359 949 611 1023 regem
664 927 974 1001 Knutum
1030 931 1419 1022 profectuS,
1473 945 1551 1005 ut
1602 936 1892 1026 primum
1945 935 2032 1006 ad
2063 956 2221 1005 eum
2250 957 2373 1007 ve-

216 1055 225 1059 ·
360 1041 585 1116 uerat,
638 1051 886 1122 regem
940 1031 1190 1102 adiens
1240 1031 1591 1105 salutavit.
1695 1034 1767 1103 A
1816 1057 1959 1129 quo
2014 1056 2154 1106 non
2207 1037 2371 1107 red-

361 1130 505 1202 dita
558 1129 814 1216 salute,
871 1132 1168 1224 dynasta
1220 1135 1329 1203 sic
1390 1132 1736 1229 loquitur:
1804 1136 2130 1206 audivisti
2182 1135 2372 1207 haud

360 1229 609 1317 dubie,
685 1231 1010 1318 domine,
1079 1243 1443 1326 coeptatam
1502 1255 1672 1307 esse
1725 1236 2078 1306 adversus
2127 1245 2201 1306 te
2254 1257 2369 1307 re-

356 1328 766 1417 bellionem,
819 1355 979 1425 quae
1032 1342 1223 1403 tanto
1277 1355 1503 1425 opere
1539 1334 1871 1418 invaluit,
1922 1344 2000 1405 ut
2053 1334 2367 1428 complu·

355 1453 481 1504 res
535 1454 629 1503 ex
679 1432 1100 1525 proceribus
1171 1432 1643 1525 perduellium
1714 1433 2032 1525 partibus
2093 1455 2182 1505 se
2242 1437 2367 1507 ad-

347 1534 732 1624 junxerint.
796 1608 811 1620 ,
867 1530 1187 1623 Quorum
1240 1532 1596 1604 hominum
1663 1537 2000 1605 rationem
2057 1546 2130 1606 et
2179 1540 2367 1628 peri-

355 1632 869 1714 culosissimam
928 1645 1002 1704 et
1052 1634 1664 1725 flagitiosissimam
1721 1655 1896 1705 esse
1948 1636 2368 1727 judicamus

353 1732 615 1827 Neque
667 1755 847 1805 vero
899 1733 1155 1805 infitias*
1208 1756 1323 1820 eo,
1379 1736 1704 1822 domine,
1758 1758 1870 1805 me
1924 1735 2137 1829 hujus
2192 1738 2368 1809 mul-

356 1835 669 1905 titudinis
724 1833 947 1926 globo
997 1838 1503 1925 immiscuisse3
1558 1859 1718 1931 quae
1773 1835 2142 1908 multitudo
2181 1848 2367 1909 tanta

352 1937 831 2028 perversitate
885 1945 960 2005 et
1009 1939 1301 2006 insania*
1332 1940 1600 2028 agitur,
1666 1946 1744 2009 ut
1795 1940 1991 2007 sanis
2043 1938 2365 2010 consiliis

350 2038 652 2106 animum
720 2037 1104 2107 advertere
1175 2036 1620 2128 dedignetur.
1750 2038 1925 2107 Eam
2008 2058 2185 2107 vero
2268 2038 2359 2108 ob

352 2156 635 2207 causam
689 2135 939 2207 horum
992 2135 1212 2229 globo
1265 2158 1378 2207 me
1430 2139 1806 2223 immiscui,
1859 2137 2051 2231 quod
2102 2158 2362 2230 specu-

352 2234 649 2307 latorem
703 2258 927 2329 agere
978 2236 1198 2322 volui,
1253 2246 1329 2308 ut
1378 2240 1486 2308 sic
1539 2258 1783 2318 eorum
1838 2238 2116 2308 consilii
2149 2241 2359 2310 ratio·

348 2358 509 2408 nem
595 2336 975 2429 diligenter
1055 2337 1527 2431 explorarem.
1654 2338 1921 2410 Verum
1994 2342 2360 2412 enimvero

349 2460 507 2510 cum
559 2441 789 2509 auimo
843 2448 1171 2510 statutum
1227 2438 1635 2525 habueram,
1686 2439 1874 2532 quod
1930 2461 2043 2509 me
2093 2440 2360 2511 decere

346 2542 630 2633 meique
685 2538 898 2609 officii
952 2561 1121 2611 esse
1158 2543 1354 2625 scio,
1412 2562 1757 2633 nunquam
1809 2539 2021 2609 fidem
2072 2540 2198 2612 tibi
2237 2542 2357 2613 da-

348 2650 489 2711 tum
541 2639 821 2726 fallere,
873 2641 1006 2711 sed
1062 2651 1134 2711 te
1190 2641 1561 2711 confestim
1616 2641 1840 2725 adire,
1890 2662 2185 2735 remque
2215 2663 2358 2736 quo

349 2749 556 2811 esset
603 2740 768 2811 loco
836 2740 1280 2833 significare,
1347 2739 1614 2834 tibique
1680 2740 1961 2811 auxiliis
2013 2741 2200 2812 forte
2254 2745 2356 2811 in-

346 2841 615 2933 digenti
703 2862 980 2912 omnem
1065 2864 1267 2936 quam
1363 2862 1652 2934 possem
1749 2861 1955 2932 opem
2049 2840 2356 2912 adferre.

343 2940 505 3012 Jam
557 2963 707 3013 rem
765 2952 949 3013 tuam
1006 2965 1209 3028 cura,
1265 2951 1338 3014 et
1388 2941 1678 3036 aliquod
1732 2939 1908 3011 utile
1965 2939 2355 3035 celereque

344 3040 718 3114 consilium
770 3046 1027 3137 arripe.
1127 3043 1293 3115 Rex
1347 3047 1414 3114 ei
1477 3046 1739 3135 gratias
1795 3045 1976 3134 egit,
2027 3052 2355 3129 testatuS,

345 3162 506 3213 eum
559 3145 893 3236 majorem
946 3147 1302 3238 pietatem,
1353 3167 1560 3237 quam
1609 3144 1728 3215 alii
1782 3146 2043 3236 opinati
2084 3154 2354 3230 essent,

342 3241 478 3313 hae
527 3246 598 3313 in
648 3265 732 3315 re
786 3246 1220 3317 ostendisse.
1322 3243 1608 3336 Quidve
1650 3244 1797 3331 tihi,
1854 3245 2175 3337 dynasta,
2226 3267 2355 3338 po-

341 3345 687 3420 tissimum
742 3366 785 3415 e
837 3348 1110 3417 ratione
1166 3368 1337 3418 esse
1368 3347 1705 3417 videtur?
1757 3367 1920 3435 age,
1965 3345 2236 3438 'aliquid
2284 3348 2356 3414 in

339 3445 649 3516 medium
701 3445 980 3539 proser3
1046 3469 1133 3518 es
1183 3448 1365 3517 enim
1424 3449 1534 3517 vir
1584 3445 1942 3537 prudens,
2010 3443 2224 3514 modo
2279 3452 2354 3515 ut

339 3544 527 3616 fides
577 3556 696 3617 tua
740 3546 948 3618 dictis
976 3546 1432 3640 respondeat.
1534 3544 1893 3636 Dynasta:
1948 3565 2087 3615 non
2117 3542 2352 3615 habco

339 3645 623 3739 quidem
680 3648 870 3741 quod
923 3646 1049 3718 tibi
1100 3649 1486 3738 suggeram
1540 3643 1937 3731 consilium,
1992 3647 2131 3715 mei
2170 3665 2350 3717 vero

338 3743 555 3816 officii
606 3756 755 3833 est,
840 3770 1000 3842 quae
1052 3749 1492 3840 potissimum
1558 3766 1600 3816 e
1654 3748 1924 3816 ratione
1977 3746 2351 3816 esseexi-

335 3849 656 3934 stimem,
709 3869 1138 3943 proponere.
1243 3847 1563 3939 Exiguas
1625 3845 1888 3931 habes,
1957 3865 2350 3940 quanquam

334 3946 711 4020 admodum
765 3947 994 4021 lectas
1065 3950 1340 4042 copias3
1411 3968 1550 4041 qua
1616 3968 1698 4015 re
1768 3949 1876 4016 sic·
1929 3952 2351 4037 comparata,

331 4050 681 4122 rationem
734 4051 1049 4122 svadere
1111 4061 1323 4143 puto,
1390 4058 1506 4134 ut,
1574 4045 1695 4118 ubi
1745 4043 2095 4117 valentius
2147 4046 2352 4135 regni

331 4146 557 4220 robur
609 4157 747 4236 est,
801 4170 894 4222 eo
945 4152 1329 4235 concedam,
1383 4169 1526 4245 quo
1577 4146 1765 4220 facto
1818 4146 2047 4239 copiis
2098 4153 2351 4219 auctus

1798 4244 1947 4339 Q2
