2950 4684
371 332 446 394 Ο.
481 327 585 396 68.
909 335 1275 384 rusronu
1330 338 1850 389 unumunurm.
2215 317 2393 407 m

369 542 518 592 ram
570 520 847 591 tertiam
901 515 1149 605 Svein,
1202 522 1321 592 cui
1374 519 1563 593 levis
1613 543 1910 595 somnus
1941 523 2389 620 obrepserat,

366 624 463 693 ita
515 628 593 693 ut
640 641 784 690 non
834 628 972 690 tam
1027 620 1362 707 dormire,
1415 644 1619 714 quam
1673 623 1973 716 vigilare
2026 627 2388 700 sibividca

367 731 611 807 retur,
694 719 1051 790 hominem
1135 721 1227 790 ad
1295 742 1382 792 se
1449 723 1807 794 accedere
1872 728 2389 816 animadvertit,

370 820 752 916 splendjde
783 824 1141 906 vestitum,
1172 822 1358 892 adeo
1392 821 1627 894 lucida
1655 824 1861 911 faeie,
1914 836 1987 897 ut
2016 830 2135 897 vix
2165 849 2389 919 posse

370 943 459 993 se
475 922 1125 992 adversamintueri
1155 922 1528 1011 crederet3
1583 924 1889 995 eundem
1916 947 2166 1018 regem
2193 926 2389 999 Knu-

370 1031 517 1093 tum
551 1042 745 1108 esse,
779 1021 913 1093 sibi
948 1026 1324 1115 persuasit.
1400 1021 1473 1093 Is
1516 1025 1601 1096 ad
1647 1022 1984 1096 Sveinem
2033 1028 2391 1100 accedens

374 1123 561 1194 infit:
601 1122 872 1194 duriter
889 1126 1238 1209 tractariS,
1267 1122 1494 1194 Svcin
1513 1125 1812 1211 sodaliS,
1848 1148 2082 1220 neque
2104 1130 2393 1216 merito·;

366 1225 512 1315 jam
563 1232 636 1294 te
691 1243 785 1293 ex
834 1222 975 1292 hoc
1044 1244 1341 1295 carcere
1396 1224 1761 1312 liberabo,
1841 1237 1915 1299 tu
1986 1248 2165 1297 vero
2234 1248 2391 1298 mea

377 1323 601 1394 verba
653 1323 816 1393 duci
864 1319 1242 1394 Baldvinio
1296 1325 1564 1417 perfer,
1619 1336 1697 1397 ut
1746 1326 1833 1397 ab
1886 1326 2027 1398 hoc
2066 1337 2392 1420 tempore
2483 1383 2492 1387 -

374 1432 513 1494 tuae
560 1444 803 1494 causae
853 1426 1337 1517 patrocinetur
1389 1427 1543 1518 (res
1595 1435 1754 1498 tuas
1806 1425 2188 1521 sublevet).
2257 1426 2391 1498 His

375 1524 583 1597 dictis
641 1522 1060 1617 prehensam
1117 1549 1271 1618 quae
1322 1527 1581 1618 injecta
1636 1525 1940 1620 pedibus
1992 1538 2147 1599 erat
2197 1537 2389 1599 cate-

374 1646 573 1711 nam,
624 1628 848 1695 instar
897 1624 1287 1720 potentillae
1337 1632 1771 1719 argentinae,
1823 1628 2146 1700 manibus
2198 1627 2388 1700 diru-

372 1728 499 1819 pit,
552 1730 861 1820 itemque
916 1747 1096 1811 eam,
1149 1751 1307 1821 quae
1359 1727 1680 1800 manibus
1708 1732 1965 1821 injecta
2000 1737 2169 1799 erat.
2221 1727 2388 1819 Quo

376 1826 566 1898 sacto
615 1847 778 1897 rex:
832 1849 1042 1919 quum
1090 1831 1230 1919 jam
1285 1827 1571 1899 solutus
1624 1832 1753 1913 sis,
1805 1829 1944 1900 hoc
1990 1839 2389 1923 portentum
2449 1880 2452 1881 ν

376 1949 581 2021 quam
608 1925 929 2020 plurimis
962 1927 1441 2020 praesentibus
1474 1933 1777 2000 enuntia.
1880 1928 2122 2022 Spero
2153 1929 2391 2000 Deum

377 2028 542 2113 mihi
595 2026 732 2099 hoc
786 2025 1113 2097 beneficii
1167 2029 1610 2113 tributurum,
1662 2039 1761 2114 ut,
1814 2028 2217 2124 ubicunque
2265 2028 2392 2099 ho·

374 2132 606 2200 mines
655 2149 916 2198 nomen
980 2149 1211 2198 meum
1284 2127 1644 2198 benevola
1708 2139 1945 2200 mente
2011 2132 2389 2200 invocave-

377 2232 554 2316 rint,
631 2227 1029 2299 levamenta
1097 2227 1436 2327 malorum
1500 2233 1875 2301 inveniant.
2008 2229 2391 2300 Carcerem

376 2329 571 2403 clara
624 2328 787 2400 luce
841 2328 1247 2401 collustrari
1300 2331 1497 2416 vidit,
1546 2332 2183 2424 svavissimumque
2215 2329 2390 2401 odo2-

378 2453 531 2503 rem
584 2428 1089 2501 animadvertit.
1191 2429 1381 2502 Post
1428 2430 1588 2502 haee
1638 2451 1821 2523 rege
1885 2453 1928 2501 e
1998 2439 2392 2523 conspectu

376 2531 653 2617 ablato,
725 2528 946 2602 Svein
997 2551 1290 2617 somno,
1358 2534 1422 2601 si
1478 2535 1598 2626 qui
1652 2531 1816 2618 suit,
1897 2538 2394 2625 experrectuS,

375 2630 682 2708 vinculis
736 2652 823 2702 se
874 2629 1186 2702 solutum
1237 2635 1484 2702 sensit.
1585 2632 1832 2702 Visum
1885 2631 2022 2702 sibi
2080 2630 2391 2703 oblatum

377 2733 692 2805 Astrado
746 2734 991 2825 aperit.
1100 2730 1331 2822 Quum
1385 2731 1746 2802 Astradus
1792 2733 1978 2802 idem
2014 2730 2150 2801 sibi
2193 2728 2391 2800 obla-

378 2843 523 2907 tum
574 2837 801 2905 visum
859 2853 1030 2903 esse
1083 2830 1603 2924 significasset,
1681 2830 2031 2924 amboque
2074 2833 2215 2921 jam
2272 2849 2394 2901 so-
2449 2897 2458 2902 ,

378 2935 505 3008 luti
547 2944 829 3018 essent,
899 2932 1226 3004 hortante
1279 2932 1632 3017 Astrado,
1684 2941 1761 3002 ut
1814 2927 2211 3022 extemplol
2268 2951 2391 3000 au-

379 3036 738 3128 fugerent,
791 3032 1012 3105 Svein
1064 3036 1366 3120 monuit,
1418 3054 1511 3104 ne
1563 3054 1705 3126 quo
1759 3041 1965 3125 pacto
2019 3033 2217 3127 prius
2269 3028 2391 3101 ab·

380 3139 588 3221 irent,
641 3158 847 3228 quam
902 3135 1285 3228 postridie,
1352 3156 1494 3230 quo
1547 3143 1870 3227 tempore
1929 3133 2070 3204 dux
2123 3133 2393 3203 mensis

381 3234 860 3322 accumberet,
913 3236 982 3307 id
1036 3239 1380 3327 temporis
1434 3234 1776 3328 plurimos
1831 3241 2235 3327 praesentes
2269 3231 2391 3300 ad-

380 3337 541 3409 fore
593 3346 912 3408 testatus.
1018 3334 1144 3406 Sic
1196 3336 1490 3424 faciuut3
1560 3336 1912 3407 accedunt
1976 3333 2066 3403 ad
2129 3330 2393 3415 aulam,

378 3460 521 3532 quo
573 3447 898 3531 tempore
954 3435 1096 3506 dux
1148 3440 1416 3506 mensis
1469 3433 1976 3519 accumbebat,
2028 3431 2214 3502 adeo
2267 3430 2392 3501 de-

381 3541 562 3610 serti
612 3539 905 3621 viribuS,
960 3545 1039 3606 ut
1088 3555 1229 3604 non
1280 3545 1416 3606 tam
1472 3534 1699 3627 gradi,
1751 3554 1955 3627 quam
1994 3552 2258 3625 repere
2288 3533 2392 3603 vif-

385 3638 745 3708 derentur.
848 3635 1237 3727 Ingressos
1300 3638 1372 3705 in
1423 3634 1651 3707 aulam
1719 3636 2172 3726 conspicatus
2224 3631 2395 3717 dux,

284 3806 293 3815 ,
382 3736 733 3832 prehendi
784 3735 1230 3808 vinculorum
1281 3735 1634 3827 profugos
1687 3733 2037 3828 educique
2085 3730 2203 3825 [ad
2229 3750 2395 3814 eos,

380 3833 726 3933 quornm²
778 3849 981 3909 antea
1036 3836 1317 3908 fuerant
1370 3834 1750 3929 [custodiae
1775 3827 2200 3915 commissi³,
2241 3832 2394 3921 jus-

382 3942 493 4011 sit.
595 3938 730 4010 Hic
780 3937 1041 4011 Svein:
1096 3937 1284 4008 haud
1335 3936 1488 4008 fieri
1512 3934 1823 4027 jubebiS,
1879 3932 2185 4015 domine,
2237 3946 2394 4001 ere·

384 4040 504 4126 do,
554 4041 619 4111 si
671 4043 892 4126 scies,
944 4061 985 4109 a
1038 4060 1180 4133 quo
1220 4040 1444 4109 simus
1474 4034 1771 4106 liberati.
1873 4033 2048 4103 Dux
2078 4029 2398 4101 arbitrari

457 4173 503 4240 ¹)
541 4175 584 4229 ui
624 4197 725 4247 qua
761 4189 989 4247 pout-nt,
1030 4173 1164 4228 add.
1198 4171 1260 4240 F,
1284 4174 1348 4226 K.
1423 4170 1472 4237 ²)
1512 4191 1595 4234 eo,
1634 4168 1742 4234 ubi,
1765 4167 1828 4236 F,
1850 4169 1914 4221 K.
1993 4166 2042 4236 ⁸)
2062 4160 2397 4226 omitt-RK.
