2950 4684
605 312 722 399 62
1116 338 1211 385 ne
1260 337 1569 386 naurs
1617 336 2095 397 :annuemus-
2413 331 2486 393 c.
2517 332 2620 395 20.

609 525 982 608 existimo,
1060 530 1135 593 te
1201 520 1528 593 omnibns
1601 518 1861 605 rebus,
1943 539 2106 639 quae
2167 517 2260 588 ad
2325 516 2623 589 liberam

608 624 871 716 agendi
919 623 1267 695 rationem
1319 624 1758 715 pertineant,
1827 621 2214 713 pessimum
2266 606 2442 690 esse‘
2493 617 2624 691 bo-

608 727 894 811 minem3
947 743 1182 817 neque
1234 731 1373 808 est,
1426 721 1616 815 quod
1673 741 1788 792 me
1840 729 2052 834 putes
2099 721 2498 811 agniturum
2551 727 2627 790 te

606 846 742 920 pro
794 823 975 909 tilio,
1054 844 1261 917 quem
1317 831 1521 895 certo
1574 824 1792 893 sciam
1845 841 2009 892 meo
2062 840 2338 912 genere
2390 830 2624 892 ortum

611 947 750 998 non
805 945 995 995 esse.
1098 923 1411 1018 Reponit
1435 921 1670 994 Sven:
1728 942 1869 1014 ego
1920 942 2099 993 vero
2152 929 2316 1018 tuus
2369 930 2626 1013 gnatus

610 1049 803 1112 sum,
880 1027 1136 1118 inquit,
1196 1024 1488 1118 ‘tibique
1540 1044 1815 1096 mecum
1867 1021 2251 1094 intercedit
2303 1022 2625 1093 necessi-

612 1127 874 1200 tudinis
923 1128 1352 1217 conjunctio,
1402 1144 1640 1217 neque
1695 1133 1929 1195 tamen
1981 1143 2125 1214 ego
2177 1121 2302 1192 tibi
2355 1121 2501 1197 ulla
2550 1125 2624 1192 in

606 1248 693 1298 re
722 1247 1041 1318 parcam:
1094 1247 1248 1297 nam
1301 1228 1366 1296 si
1406 1223 1588 1309 haec,
1640 1247 1801 1318 quae
1847 1222 2159 1318 postulo,
2212 1223 2622 1294 concedere

610 1325 821 1413 nolis,
874 1346 1026 1397 rem
1076 1348 1265 1399 nunc
1293 1327 1792 1411 decernemus,
1844 1327 2203 1418 armisque
2249 1323 2622 1395 confestim

612 1426 1160 1514 decertabimus,
1210 1448 1449 1520 neque
1501 1429 1746 1519 patiar,
1795 1435 1874 1496 ut
1921 1425 2069 1497 ullo
2120 1434 2333 1517 pacto
2382 1424 2621 1496 detre-

608 1540 805 1601 ctare
857 1538 1218 1600 certamen
1282 1548 1526 1622 queas.
1644 1525 1760 1599 Ad
1813 1524 1972 1598 haec
2022 1546 2197 1597 rex:
2263 1535 2339 1597 tu
2407 1523 2622 1597 bomo

610 1650 696 1700 es
722 1627 1203 1722 periculosuS‚
1255 1638 1469 1721 atque
1526 1648 1626 1699 eo
1670 1627 1830 1698 fere
1883 1628 2199 1719 ingenio,
2252 1635 2331 1697 ut
2379 1628 2441 1696 si
2489 1625 2617 1697 ali-

608 1750 906 1824 quorum
959 1728 1143 1800 haud
1199 1731 1433 1801 tenuis
1485 1731 1702 1800 sortis
1746 1725 2103 1800 bominum
2147 1747 2424 1819 genere
2455 1748 2620 1820 pro-

606 1839 864 1922 gnatus
915 1832 1053 1918 sis3
1107 1851 1351 1924 quare,
1404 1828 1593 1922 quod
1648 1828 1998 1922 postulaS,
2048 1826 2174 1899 tibi
2214 1827 2620 1899 conceden-

609 1931 769 2001 dum
821 1930 1136 2016 videtur,
1201 1940 1277 2002 tn
1327 1950 1551 2015 vero,
1620 1928 1762 2001 hoc
1810 1931 2222 2024 impetrato,
2292 1949 2335 1997 e
2388 1948 2620 2020 regno

610 2053 771 2102 meo
803 2032 1106 2117 excede,
1158 2042 1373 2125 atque
1402 2032 1474 2101 in
1515 2029 1695 2102 alias
1724 2039 1957 2102 terras
1989 2030 2331 2121 demigra,
2384 2049 2621 2124 neque

607 2131 747 2204 huc
797 2152 1102 2226 unquam
1155 2132 1243 2205 ab
1297 2131 1450 2203 hoo'
1469 2142 1817 2226 tempore,
1868 2129 2101 2225 quoad
2136 2133 2393 2216 vivam,
2445 2130 2623 2203 redi,

604 2232 892 2304 Deinde
942 2230 1142 2303 Sven
1205 2254 1365 2303 cum
1433 2231 1735 2305 navibus
1805 2230 2139 2327 [quatuor
2204 2242 2277 2305 et
2337 2230 2616 2323 viginti¹

608 2332 937 2419 discedit,
987 2352 1272 2405 cursum
1303 2335 1685 2417 continuat,
1738 2333 1971 2405 donec
1998 2335 2071 2403 in
2099 2329 2413 2403 Fioniam
2455 2353 2618 2426 per-

588 2435 804 2503 -venit
850 2433 941 2502 ad
993 2437 1409 2504 nutritorem
1462 2430 1979 2520 Paluatokium,
2032 2454 2259 2505 naves
2300 2436 2441 2526 jam
2495 2432 2620 2504 ba-

608 2534 787 2603 bens
850 2532 1042 2603 bene
1109 2555 1150 2604 a
1212 2533 1547 2605 militibus
1612 2537 2012 2606 instructas.
2131 2531 2621 2621 Paluatokius‚

606 2632 958 2706 alumnum
1022 2655 1229 2706 suum
1301 2634 1612 2726 benigne
1684 2637 2090 2728 excipiens:
2170 2645 2247 2706 tu
2300 2634 2463 2706 mihi
2514 2638 2619 2707 vi-

608 2735 805 2806 deris
877 2734 1202 2810 consiliis
1267 2736 1391 2807 tibi
1459 2737 1646 2808 datis
1714 2735 2095 2829 diligenter
2162 2739 2298 2824 uti,
2374 2739 2620 2832 inquit,

610 2859 790 2907 nunc
831 2836 1036 2909 ambo
1090 2842 1556 2911 communiter
1585 2836 2162 2923 deliberabimuS,
2216 2838 2384 2932 quid
2437 2840 2618 2930 opti-

609 2958 789 3006 mum
860 2937 1046 3015 factu
1115 2938 1321 3009 nobis
1390 2939 1731 3010 videatur.
1860 2937 2148 3009 Instanti
2218 2947 2473 3011 aestate
2544 2940 2616 3009 in

606 3039 961 3127 piraticam
1018 3041 1411 3124 excurrito,
1474 3047 1764 3131 totaque
1824 3042 1964 3130 jam
2018 3039 2246 3110 Dania
2299 3042 2438 3111 tuis
2490 3059 2618 3132 po-

607 3135 1082 3230 pulationibus
1134 3136 1420 3231 patebit,
1488 3148 1791 3231 excepta
1843 3136 2117 3226 Fionia,
2187 3162 2323 3234 qua
2372 3149 2621 3233 pacata

609 3240 702 3307 uti
755 3236 1007 3323 soleo,
1074 3260 1229 3309 nam
1282 3238 1406 3311 tibi
1459 3260 1746 3333 quoque
1802 3261 1888 3311 ea
1938 3252 2132 3312 terra
2182 3252 2402 3314 tutum
2456 3258 2621 3333 per-

610 3337 871 3429 fugium
928 3339 1307 3432 praestabit.
1409 3339 1583 3411 Haec
1651 3362 1808 3411 cum
1864 3341 2333 3434 gerebantur,
2416 3339 2621 3412 Sven

609 3438 1091 3530 duodeviginti
1122 3462 1349 3512 annos
1379 3440 1885 3533 compleverat.
1986 3440 2453 3514 Paluatokius
2496 3463 2618 3535 pa-

608 3535 741 3606 lam
797 3537 984 3624 facit,
1053 3562 1139 3611 se
1197 3541 1445 3612 eadem
1501 3552 1752 3614 aestate
1805 3546 1874 3613 in
1925 3541 2354 3615 Britanniam
2407 3545 2621 3635 traje-

608 3648 901 3724 cturum,
953 3641 1043 3710 ad
1097 3663 1456 3728 socerum,
1526 3641 1933 3716 Stesuerem
1987 3644 2384 3736 dynastam‚
2450 3665 2621 3714 con-

610 3740 1072 3826 veniendum,
1159 3764 1526 3838 navesque
1597 3741 2015 3817 duodecim²
2075 3767 2162 3816 se
2246 3746 2620 3817 ducturum

607 3840 952 3912 ostendit:
1023 3853 1099 3914 tu
1151 3865 1352 3929 vero,
1405 3842 1641 3931 Sven,
1712 3848 1949 3938 inquit,
2002 3848 2094 3917 ita
2150 3856 2222 3918 te
2274 3848 2344 3916 in
2399 3847 2621 3917 omni-

610 3940 744 4011 bus
794 3945 1052 4034 gerito,
1110 3948 1205 4017 uti
1262 3948 1634 4039 praecipio3
1687 3948 2127 4038 procedente
2160 3968 2338 4019 vero
2369 3954 2622 4019 aestate

609 4040 918 4132 magnis³
965 4066 1119 4117 cum
1174 4049 1401 4141 copiis
1440 4046 1531 4116 ad
1585 4054 1657 4116 te
1705 4048 2020 4118 veniam:
2072 4050 2407 4142 suspicor
2438 4049 2623 4118 enim

677 4171 729 4237 ¹)
767 4173 992 4243 triginta,
1031 4174 1099 4225 R.
1172 4177 1223 4243 ²)
1262 4175 1694 4245 quindecimrB3
1732 4197 1940 4242 norem,
1983 4177 2047 4230 R.
2122 4178 2172 4246 ³)
2210 4178 2355 4242 meh,
2399 4175 2458 4230 F.
