2950 4684
287 363 365 439 c.
385 362 494 428 24.
819 365 916 414 nn
962 364 1274 415 munuc
1313 364 1797 418 somnumve.
2197 338 2320 427 a

294 559 669 645 utramque
719 560 931 622 aetate
984 561 1252 624 essent
1367 549 1634 624 Nullus
1685 555 1968 625 omuino
2020 557 2132 626 vir
2179 553 2309 627 ibi-

294 651 458 722 dem
512 662 952 738 versaretur,
1017 656 1138 746 qui
1192 651 1399 724 alteri
1449 656 1602 747 pari
1656 653 2090 727 fortitudinis
2140 678 2307 751 spe·-

292 756 408 824 cie
458 755 819 847 armisque
870 774 1078 847 oeqne
1143 755 1489 827 instructo
1555 755 1873 827 cederet.
1994 754 2308 847 Quicun-

290 875 433 947 que
483 874 570 925 se
624 875 873 924 eorum
922 857 1140 925 eoetui
1192 853 1676 941 adsociasset,
1745 856 2041 928 firmiter
2089 878 2306 951 spon·

291 955 535 1040 deret,
602 975 690 1025 se
741 975 990 1025 necem
1043 954 1378 1041 alterius»,
1459 963 1782 1050 tanquam
1836 957 2301 1031 convictoris¹

289 1064 414 1126 aut
473 1053 752 1141 fratris,
834 1058 905 1124 in
957 1058 1182 1127 vicem
1251 1053 1579 1129 ulturum.
1680 1055 1916 1129 Nemo
1967 1060 2306 1129 dissidio-

289 1178 443 1227 rum
496 1159 767 1226 semina
819 1159 1005 1227 inter
1067 1159 1271 1228 cives
1321 1167 1719 1250 spargeret.
1833 1157 1916 1229 Si
1968 1181 2127 1255 quae
2180 1180 2306 1232 res

290 1278 500 1328 novae
530 1278 624 1328 co
675 1256 909 1327 allatae
952 1268 1225 1343 essent,
1281 1278 1490 1329 nemo
1527 1279 1613 1329 ea
1645 1263 2044 1333 temeritate
2078 1271 2304 1348 esset,

288 1367 366 1428 ut
432 1379 561 1430 eas
625 1361 1009 1446 nuntiaret3
1089 1352 1556 1430 Paluatokius
1626 1362 1808 1430 enim
1876 1361 1972 1432 ibi
2040 1364 2304 1455 primus

284 1478 412 1529 res
478 1479 708 1529 novas
760 1458 1089 1530 referret.
1209 1457 1292 1529 St
1363 1462 1522 1552 quis
1585 1459 1877 1549 borum,
1945 1484 2106 1557 quae
2157 1466 2300 1555 jam

287 1568 695 1630 enumerata
725 1568 911 1644 sunt,
965 1560 1535 1647 convinceretur,
1591 1560 1866 1657 hasque
1906 1562 2117 1655 leges
2151 1566 2302 1635 νῆα-ι

289 1659 552 1746 lasset,
625 1663 690 1731 is
758 1659 1125 1754 extemplo
1191 1663 1579 1752 ejiceretur
1649 1671 1721 1732 et
1784 1684 1877 1734 ex
1950 1667 2302 1735 societate

286 1766 537 1833 eorum
591 1760 1101 1854 expelleretur.
1200 1761 1400 1848 Item,
1462 1763 1528 1831 si
1580 1765 1738 1855 quis
1789 1774 2131 1858 receptus
2184 1785 2300 1835 es·-

282 1874 421 1948 set,
479 1865 595 1957 qui
625 1861 915 1933 fratrem
949 1871 1069 1932 eut
1098 1872 1364 1954 patrem
1400 1872 1607 1949 antea
1653 1869 1961 1956 cooptati
1996 1864 2300 1936 aliumve

286 1968 678 2058 propinqua
743 1963 1271 2034 necessitudine
1355 1964 1589 2034 eidem
1646 1968 1965 2056 Junetum
2034 1969 2300 2035 intere-

282 2066 559 2150 misset,
627 2085 856 2157 eaque
908 2085 1032 2134 res
1084 2063 1371 2134 homine
1422 2062 1703 2134 demum
1755 2075 2051 2159 recepto
2101 2066 2301 2135 inno-

281 2174 640 2250 tesceret,
708 2173 850 2234 tum
903 2162 1383 2235 Paluatokius·
1443 2184 1530 2234 ea
1599 2163 1691 2234 de
1744 2187 1827 2235 re
1880 2160 2299 2237 sententiam

285 2264 583 2336 diceret.
683 2264 917 2335 Nemo
974 2268 1256 2337 omnino
1310 2264 1677 2336 mulierem
1729 2286 1979 2338 secum
2022 2269 2094 2337 in
2131 2286 2300 2340 arce

279 2365 602 2437 haberet.
701 2365 936 2436 Nemo
970 2366 1195 2436 tribus
1224 2366 1554 2438 noctibus
1589 2366 1910 2461 amplius,
1968 2369 2100 2439 nisi
2129 2390 2300 2440 con-

281 2467 594 2539 cedente
644 2489 730 2538 ae
780 2471 1232 2561 permittente
1263 2465 1714 2556 Paluatokio,
1769 2490 1861 2539 ex
1890 2489 2056 2540 arce
2088 2469 2299 2542 abes-

279 2578 415 2641 set.
521 2566 772 2640 Omnis
826 2569 1090 2662 praeda,
1143 2572 1365 2662 major
1415 2572 1758 2656 minorve,
1813 2592 1972 2663 quae
2010 2573 2298 2665 inpii-a-

278 2673 421 2741 tica
475 2679 678 2764 capta
731 2680 954 2755 esset,
1023 2674 1431 2765 omniaque,
1497 2692 1655 2765 quae
1724 2669 2030 2763 alicujus
2092 2675 2301 2764 pretii

246 2782 556 2858 essent,
622 2770 850 2842 hastae
901 2771 1223 2864 subjecta
1283 2770 1803 2858 dividerentur3
1879 2775 1946 2841 si
1998 2775 2154 2865 quis
2206 2774 2301 2842 ita

282 2894 427 2943 non
480 2871 752 2943 fecisse
805 2875 1174 2943 convictus
1228 2881 1452 2958 esset,
1507 2892 1601 2940 ex
1653 2891 1822 2941 aree
1878 2871 2300 2959 excederet,

281 2975 445 3044 sive
496 2974 782 3065 majoris
815 2975 975 3044 sive
1012 2975 1305 3044 minoris
1343 2972 1701 3065 dignitatis
1744 2981 1963 3044 esset.
2063 2972 2302 3045 Nemo

284 3077 609 3145 timorem
650 3092 844 3145 voce
896 3074 1260 3166 proderet,
1314 3095 1448 3144 nec
1494 3071 1704 3144 ullam
1740 3095 1888 3145 rem
1925 3085 2300 3161 metueret,

285 3185 835 3269 quantocunque
870 3173 1289 3246 discrimine
1342 3194 1464 3246 res
1520 3195 1764 3246 eorum
1820 3187 2299 3248 versarentur.

283 3274 503 3346 Nulla
555 3297 678 3347 res
729 3279 915 3347 inter
962 3278 1161 3370 ipsos
1212 3280 1281 3346 in
1333 3297 1502 3347 arce
1554 3277 2077 3363 intercederet,
2131 3280 2299 3370 quin

284 3374 748 3447 Painatokius
800 3398 882 3446 ea
939 3381 1167 3449 omnia
1200 3382 1488 3473 proprio
1524 3377 1813 3448 arbitrio
1840 3385 2306 3470 componeret

285 3500 371 3549 ac
422 3477 908 3548 decerneret
988 3477 1067 3547 Si
1122 3481 1279 3572 quis
1330 3490 1537 3550 antea
1599 3500 1742 3549 non
1805 3487 2180 3572 cooptatus
2230 3481 2302 3549 in

285 3578 467 3650 hanc
515 3581 932 3650 societatem
987 3581 1213 3669 recipi
1265 3587 1585 3672 cuperet,
1638 3599 1878 3675 neque
1935 3582 2301 3672 cognatio·-

285 3681 398 3749 nis
466 3700 704 3774 neque
771 3681 1096 3750 amicitiae
1161 3675 1305 3748 ulla
1371 3680 1549 3749 ratio
1615 3679 2029 3767 haberetur,
2113 3690 2187 3750 et
2236 3682 2302 3751 si

285 3782 447 3874 quis
502 3800 595 3850 ex
645 3791 851 3853 antea
897 3780 1248 3875 cooptatis
1297 3800 1429 3872 pro
1471 3779 1732 3875 aliquo,
1783 3773 1898 3875 qui
1933 3800 2028 3852 ex
2059 3779 2302 3871 legum

284 3883 708 3975 praescripto
772 3885 1006 3953 minus
1076 3888 1279 3954 esset
1347 3879 1689 3967 idoneus,
1767 3883 2301 3975 deprecaretur,

286 3980 555 4053 frustra
605 3993 830 4054 esset.
946 3982 1077 4055 His
1129 3981 1351 4054 rebus
1401 3982 1497 4051 ita
1547 3984 1950 4081 constitutis
2016 3982 2083 4048 in
2133 3998 2306 4051 arce

288 4101 374 4152 se
428 4086 822 4169 continent,
901 4082 1253 4178 legesque
1312 4104 1485 4155 suas
1550 4080 1932 4172 diligenter
1989 4091 2304 4152 servant.

362 4214 403 4278 ¹>
443 4217 555 4282 miz.
598 4216 673 4282 n,
726 4219 906 4290 pam..
949 4217 1008 4271 n.
