2950 4684
360 330 438 392 c.
467 323 569 389 36.
904 331 1005 379 nt
1046 329 1359 379 nasus
1398 331 1879 381 sensumve.
2259 307 2389 396 a

358 525 507 588 tum
562 512 787 588 verba
853 534 1010 586 mea
1076 513 1333 586 melius
1398 517 1779 609 percipere
1840 518 2150 610 poteris,
2223 538 2382 591 nam

360 637 554 687 voce
606 615 1060 687 submissiori
1110 614 1389 709 loquor.
1490 614 1948 688 inclinantem
2000 617 2090 689 ad
2131 640 2222 690 se
2263 640 2380 690 re·

361 738 526 809 gem
559 714 978 807 Sigvaldins
1030 714 1548 808 complectitur,
1600 715 1825 788 altera
1877 739 2085 789 manu
2135 717 2382 791 bume-

360 837 488 887 ros
542 820 699 909 ejus
750 815 979 887 altera
1031 814 1253 887 latera
1306 817 1954 910 comprehendens,
2005 829 2149 890 tum
2204 839 2382 891 sane

361 915 639 988 viribus
699 936 839 987 non
905 920 1189 988 omnino
1242 916 1665 1004 destitutum,
1733 926 2130 1013 regemque
2182 929 2381 992 arcto

359 1015 785 1089 lacertorum
850 1038 1043 1088 nexu
1107 1020 1443 1088 continet.
1563 1016 1722 1090 Hoc
1792 1021 1953 1112 ipso
2022 1028 2380 1091 momento

357 1114 776 1210 Sigvaldius
825 1138 1007 1189 snos
1061 1116 1466 1202 inclamans,
1522 1117 1849 1189 omnibns
1902 1122 2122 1190 remis
2175 1141 2381 1213 qnam

358 1220 900 1289 contentissime
929 1216 1344 1290 incumbere
1384 1211 1623 1310 jussit.
1726 1218 1838 1290 llli
1866 1219 2056 1292 dicto
2083 1220 2380 1291 audien-

356 1327 476 1389 tes
545 1328 877 1412 qnantum
949 1328 1329 1411 potuerunt
1389 1321 1828 1411 remigantes
1891 1341 2141 1392 navem
2193 1320 2378 1391 abri-

357 1432 707 1512 puerunt,
781 1413 896 1488 his
945 1422 1422 1513 septingentis
1483 1421 1728 1511 viginti
1791 1423 1967 1492 viris
2028 1424 2098 1491 iu
2166 1420 2378 1493 litore

359 1518 931 1591 consistentibus
978 1531 1191 1613 atque
1256 1520 1716 1592 intuentibus,
1801 1520 1965 1593 ΞΗίο
2027 1542 2161 1592 rex
2221 1543 2378 1594 ser-

357 1640 637 1692 monem
686 1641 933 1691 orsus:
998 1621 1190 1715 quid,
1240 1617 1587 1712 Sigvaldi,
1639 1623 1883 1716 inquit,
1951 1643 2161 1693 mene
2213 1644 2377 1717 pro-

357 1721 754 1791 dere-vis?
836 1722 1103 1816 quidve
1170 1722 1449 1813 agitas?
1535 1722 1808 1792 Videre
1871 1722 2037 1794 mibi
2100 1723 2380 1811 videor,

357 1823 612 1914 inquit,
679 1841 830 1892 rem
884 1819 1186 1916 aliquam
1253 1843 1572 1913 magnam
1639 1826 1916 1915 agitari,
1985 1844 2378 1918 quanquam

359 1924 631 2008 nescio,
686 1943 828 2016 quo
882 1933 1109 2016 empta
1147 1925 1281 1992 ista
1323 1933 1676 2016 spectent.
1773 1920 2193 2015 Sigvaldius
2221 1927 2379 2017 regi

353 2020 470 2093 bis
519 2021 767 2095 verbis
820 2024 1227 2117 respondit:
1295 2023 1477 2093 hand
1535 2033 1608 2094 te
1661 2024 1974 2116 prodere
2026 2025 2096 2092 in
2148 2026 2377 2095 animo

356 2131 494 2208 est,
548 2123 866 2194 domine!
921 2124 1057 2195 sed
1110 2142 1423 2193 necesoe
1460 2126 1584 2194 tibi
1624 2126 1781 2209 erit,
1834 2123 2207 2195 nobiscnm
2241 2147 2380 2196 nnn

355 2226 427 2293 in
476 2245 714 2295 arcem
765 2223 1185 2295 Jomensem
1238 2224 1632 2316 proficisei3
1696 2223 1820 2295 tibi
1873 2227 2142 2311 culnia,
2215 2248 2376 2319 qum

354 2321 609 2395 honori
662 2334 785 2395 tuo
837 2328 1119 2418 possint
1167 2327 1557 2411 inservire,
1622 2336 1951 2419 qnantum
2006 2328 2077 2395 in
2130 2337 2372 2398 nostra

353 2427 495 2496 erit
544 2433 935 2519 potestate,
1003 2424 1523 2519 praestabimus
1587 2448 1984 2521 omnesque
2054 2429 2178 2512 tui,
2253 2431 2375 2521 qui

318 2537 428 2595 ‘te
480 2547 668 2596 nune
718 2529 1171 2613 comitantur,
1224 2530 1538 2620 exoptati
1589 2526 1799 2598 nobis
1840 2527 2108 2621 praesto
2147 2537 2373 2600 erunt.

354 2624 651 2712 Verum,
717 2648 1060 2721 quorsum
1116 2625 1366 2697 borum
1437 2625 1719 2719 singula
1787 2638 2160 2720 spectent,
2231 2637 2376 2699 tnm

357 2737 808 2819 perspectum
865 2726 1185 2812 babebiS,
1252 2749 1412 2798 cnm
1468 2748 1562 2797 eo
1611 2729 1912 2798 veneris
1980 2728 2071 2798 ad
2125 2731 2371 2797 convi-

354 2829 567 2912 vium,
620 2829 812 2921 qnod
869 2827 992 2900 tibi
1040 2828 1573 2921 adparavimns3
1626 2825 1886 2896 ibidem
1919 2830 2226 2898 omnium
2260 2849 2373 2897 re-

354 2925 509 2997 rnm
570 2926 927 3000 arbitrium
1001 2948 1231 3022 penes
1299 2939 1372 2999 te
1438 2926 1674 2999 solum
1745 2930 1920 3014 erit,
1991 2949 2131 3001 nos
2192 2949 2373 3000 vero

354 3048 629 3114 omnes,
680 3032 781 3100 nti
834 3051 960 3124 par
1011 3039 1146 3115 est,
1215 3038 1291 3099 te
1343 3028 1871 3116 venerabimur,
1921 3050 2372 3123 omnemque,

352 3150 561 3222 quem
633 3152 1049 3223 possumus,
1140 3129 1484 3201 bonorem
1550 3129 2065 3203 exhibebimus.
2191 3130 2369 3201 Cum

355 3228 634 3300 consilii
686 3234 867 3302 ratio
934 3234 1005 3301 in
1074 3229 1195 3301 tali
1265 3232 1668 3303 discrimine
1723 3242 2092 3318 versetur,
2170 3246 2371 3301 nten-

353 3328 519 3400 dnm
569 3328 706 3402 hac
757 3330 990 3403 oblata
1050 3332 1461 3403 conditione
1517 3344 1655 3418 est,
1706 3334 1931 3425 inquit
1957 3351 2108 3401 rex.
2209 3329 2372 3401 Jam

353 3433 690 3524 navigare
742 3444 1073 3525 pergunt,
1124 3432 1360 3502 donec
1397 3436 1749 3503 inareem
1779 3430 2201 3503 Jomensem
2243 3453 2374 3503 ve-

353 3533 579 3620 niunt3
630 3530 1048 3625 Sigvaldius
1099 3530 1433 3604 debitum.
1467 3536 1624 3625 regi
1676 3532 2020 3603 honorem
2060 3542 2370 3627 praestat,

352 3634 740 3728 pirataeque
769 3633 1164 3707 Jomenscs
1200 3632 1702 3704 advenientem
1742 3631 2154 3706 lautissimis
2197 3656 2370 3726 epu-

350 3729 443 3803 lis
496 3737 888 3828 excipiunt,
957 3755 1189 3830 seque
1258 3752 1511 3804 omnes
1583 3736 1742 3825 ejus
1808 3733 2136 3806 subditos
2197 3753 2372 3804 esse

350 3830 677 3907 fatentur.
777 3835 940 3907 Jam
971 3833 1389 3929 sig-valdius
1431 3835 1591 3925 regi
1631 3837 1880 3927 aperit,
1933 3834 2370 3930 quid-causae

353 3933 593 4023 fuerit,
649 3957 780 4007 eur
846 3958 1005 4009 eum
1060 3959 1103 4008 e
1156 3953 1402 4027 -regno
1452 3936 2123 4026 transportavisset,
2175 3934 2364 4027 qnod

352 4037 515 4128 ejus
564 4029 868 4110 nomine'
914 4058 1215 4111 uxorem
1270 4037 1639 4129 petiisset,
1707 4032 1917 4103 filiam
1970 4036 2171 4127 regis
2220 4032 2369 4107 Bu-

351 4134 631 4210 rizlavi:
712 4142 1056 4234 virginem
1078 4190 1099 4226 ,
1165 4159 1370 4233 quam
1440 4156 1585 4231 ego
1650 4133 2233 4208 formosissimam
2295 4145 2381 4208 'et
