2950 4684
613 361 733 447 20
1126 386 1223 432 nn
1268 385 1588 431 manns
1624 383 2101 431 somnumve.
2462 377 2535 442 G.
2560 376 2626 439 7..

615 572 912 642 maxima
965 566 1257 639 militnm
1309 578 1507 661 parte
1537 566 1976 636 occubuisse
2008 565 2280 637 dicitur.
2377 559 2629 633 Talem

614 670 745 743 ilie
797 673 964 741 vitae
1016 671 1284 739 exitum
1340 667 1603 752 habuit,
1657 674 2025 761 postquam
2057 665 2451 754 Norvegiae
2502 665 2628 732 im·

617 779 1005 865 peraverat.
1061 769 1460 862 quindecim
1531 789 1756 838 annos
1819 788 2116 837 unacum
2170 763 2504 834 fratribus
2557 773 2632 841 et

617 880 841 943 matre
895 867 1272 940 Gunnilda.
1387 867 1666 958 Quibus
1732 867 1949 937 rebus
1987 868 2323 957 cognitis
2371 863 2630 935 Hakon

618 973 921 1065 dynasta
973 969 1353 1041 Haraldum
1407 969 1766 1039 Aurosum
1791 988 2137 1059 suosque,
2192 987 2347 1035 cum
2382 974 2634 1036 essent

619 1095 823 1167 quam
876 1072 1415 1163 imparatissimi,
1470 1067 2100 1139 vehementissimo
2151 1068 2453 1157 remigio
2506 1065 2630 1135 ad·-

619 1171 933 1255 vehitnr,
1001 1169 1339 1240 militibus
1401 1168 1690 1239 Haraldi
1764 1169 2209 1238 conditiones
2278 1169 2632 1258 proponit,

620 1276 851 1341 utrum
903 1270 1256 1351 adversus
1307 1290 1392 1339 se
1448 1270 1781 1339 dimicare
1836 1268 2077 1352 velint,
2131 1290 2215 1337 an
2246 1266 2631 1336 Haraldum

619 1373 980 1443 Aurosum
1061 1373 1128 1439 in
1211 1380 1637 1462 potestatem
1701 1374 1899 1440 snam
1964 1368 2292 1454 tradere,
2378 1388 2631 1437 necem

620 1470 1318 1556 Haraldi-Grafeldi,
1366 1474 1651 1560 cognati
1708 1474 1856 1554 sui,
1921 1491 2008 1539 se
2058 1468 2366 1539 ulturum
2416 1470 2631 1538 simu-

619 1571 799 1643 lans.
901 1570 1213 1663 Eligunt,
1269 1576 1359 1640 ne
1411 1570 1769 1643 adversus
1837 1570 2202 1639 Hakonem
2275 1568 2633 1653 dimicent,

623 1676 857 1764 gnari,
902 1693 1153 1742 necem
1211 1670 1502 1742 Haraldi
1528 1671 1798 1741 Aurosi
1842 1673 1996 1761 regi
2029 1669 2341 1739 Haraldo
2378 1668 2633 1769 Gormi

617 1773 767 1844 filio
819 1782 1086 1864 gratum
1144 1793 1345 1860 esse3
1407 1782 1619 1865 atque
1689 1771 1841 1841 haec
1895 1792 2058 1855 res,
2129 1793 2287 1863 quae
2351 1773 2496 1861 jam
2560 1771 2631 1839 in

619 1883 870 1967 aperto
925 1883 1100 1958 erat,
1152 1875 1461 1943 secretis
1517 1870 1833 1943 consiliis
1883 1875 2068 1943 inter
2110 1892 2358 1963 regem
2393 1880 2465 1940 et
2489 1869 2630 1941 Ha·

622 1975 880 2045 konem
949 1982 1401 2044 convenerat.
1544 1972 1791 2066 Itaque
1866 1970 2218 2043 Haraldus
2300 1971 2633 2042 Aurosns

620 2078 832 2146 vivus
878 2072 1528 2168 comprehenditur,
1580 2084 1654 2145 et
1704 2076 1774 2143 in
1827 2071 2076 2144 silvam
2119 2071 2467 2144 abductus
2517 2093 2631 2141 ar·

621 2174 803 2244 hore
854 2176 1331 2265 suspenditur.
1433 2174 1564 2244 His
1618 2177 1844 2265 gestis
1870 2173 2122 2243 Hakon
2160 2174 2458 2263 dynasta
2489 2171 2630 2242 Ha·-

620 2272 894 2344 raldum
950 2271 1199 2343 Gormi
1252 2273 1462 2343 filium
1518 2273 1685 2357 adit,
1738 2276 2037 2364 ejusque
2081 2272 2310 2341 solius
2340 2272 2634 2344 arbitrio

621 2372 779 2445 rem
832 2372 1295 2444 decidendam
1351 2375 1722 2465 permittit,
1783 2373 1972 2465 quod
2036 2369 2415 2442 Haraldum
2478 2371 2634 2444 Au-

618 2495 865 2544 rosnm
908 2483 1248 2566 ,nepotem
1299 2494 1505 2545 suum
1559 2473 2073 2561 interfecisset3
2133 2474 2267 2543 sed
2321 2472 2479 2543 sola
2533 2475 2632 2545 si-

622 2573 1044 2645 mulatione:
1121 2596 1279 2645 nam
1355 2594 1615 2645 revera
1684 2573 2044 2645 amborum
2124 2572 2427 2644 consiiio
2503 2595 2633 2645 res

624 2675 884 2747 effecta
931 2673 1219 2746 fuerat.-
1294 2674 1481 2745 Rex'
1514 2674 1872 2747 Haraldus
1919 2674 2099 2761 haec,
2150 2673 2633 2746 satisfaciendi

626 2799 881 2861 eausa,
935 2774 1213 2847 Hakoni
1274 2778 1651 2869 irrogavit:
1715 2777 2062 2870 siquando
2125 2779 2284 2868 ipse
2347 2774 2632 2847 auxiliis

624 2878 1076 2968 indiguisset,
1129 2877 1380 2949 Hakon
1434 2878 1959 2972 expeditionem
2026 2879 2095 2949 in
2146 2877 2441 2949 Daniam
2494 2897 2634 2947 una

624 2981 788 3049 vice
838 2976 1137 3062 faceret,
1188 2980 1651 3071 evocatisque
1704 2981 1921 3049 totius
1957 2977 2354 3069 Norvegiae
2404 2980 2632 3069 copiis

625 3076 889 3150 auxilio
942 3076 1080 3151 sibi
1129 3079 1441 3163 veniret,
1498 3081 2063 3171 quotiescunque
2117 3081 2360 3148 nuntio
2407 3080 2630 3149 misso

626 3181 787 3270 ejus
832 3177 1129 3250 consilia
1181 3179 1678 3270 expetivisset,
1732 3180 1888 3271 ipse
1937 3178 2267 3265 adesset3
2339 3187 2630 3270 praeter-

630 3300 718 3350 ea
771 3281 1000 3352 omnia
1036 3277 1415 3370 vectigalia
1442 3280 1817 3371 penderet,
1869 3301 2165 3372 quorum
2195 3299 2409 3372 supra
2436 3299 2630 3349 men-

628 3382 726 3450 tio
779 3378 980 3450 facta.
1082 3379 1272 3450 Ante
1315 3401 1726 3472 veroquam
1757 3381 2328 3472 digrederentur,
2380 3378 2634 3451 Hakon

631 3500 911 3565 aurum,
981 3481 1169 3575 quod
1235 3479 1549 3551 Haraldo
1602 3481 1892 3552 Auroso
1962 3481 2229 3565 fuerat,
2297 3479 2632 3573 undeque

633 3601 891 3653 nomen
941 3580 1212 3652 Aurosi
1276 3580 1512 3653 fuerat.
1575 3583 1914 3675 adeptuS,
1982 3581 2373 3674 occupavit.
2475 3578 2635 3651 Hoc

630 3699 903 3767 aurum,
959 3681 1148 3775 quod
1187 3702 1279 3751 ex
1308 3685 1523 3753 terris
1557 3684 1956 3754 meridianis
1986 3680 2404 3766 advexerat,
2455 3682 2635 3752 duas

631 3803 838 3855 arcas
905 3777 1250 3875 explevit,
1334 3782 1595 3878 quihus
1658 3780 1822 3855 solo
1890 3780 2215 3853 levandis
2287 3781 2428 3851 duo
2496 3783 2635 3853 viri

631 3904 832 3976 aegre
892 3883 1345 3981 suffecerunt.
1462 3883 1662 3954 Hanc
1723 3904 2002 3953 omnem
2064 3886 2431 3976 pecuniam
2504 3882 2634 3974 dy·

631 3993 832 4055 nasta
886 3985 1149 4077 praedae
1190 3983 1368 4068 loco
1425 3994 1748 4077 occupat,
1802 3993 1880 4056 et
1929 4005 2019 4055 ex
2046 3985 2301 4056 >eadem
2333 3984 2636 4077 pecunia

631 4086 793 4176 regi
843 4083 1155 4155 Haraldo
1207 4084 1582 4174 vectigalia
1636 4087 1706 4154 in
1755 4095 1909 4157 tres
1960 4108 2190 4159 annos
2241 4093 2404 4157 ante
2457 4092 2634 4153 tem-

631 4203 769 4275 pus
817 4194 1177 4270 numerat,
1239 4182 1682 4276 significanS‚
1748 4206 1833 4259 se
1900 4209 2040 4261 non
2103 4186 2244 4258 alio
2308 4194 2634 4277 tempore
