2950 4684
303 347 378 410 G.
413 344 637 408 22:23.
840 348 935 395 ma
981 348 1293 397 tinans
1334 348 1813 399 rousteinus.
2213 321 2324 409 fl!
2379 375 2385 381 .

308 532 483 624 Quo
530 553 694 603 cum
746 533 1050 617 veniret,
1100 530 1455 603 bominem
1483 528 1895 603 Britannum
1949 553 2172 628 super
2207 554 2327 607 cn·

309 636 452 726 pita
480 635 551 702 in
587 629 897 704 sublime
927 633 1261 724 jactatum
1296 652 1504 724 paene
1538 631 2091 725 discerpserunt.
2159 633 2327 727 Quo

308 732 535 826 Bjorn
585 731 1116 817 animadverso,
1182 732 1468 805 immine
1522 742 1858 826 correpto
1925 742 2001 806 et
2061 738 2135 806 in
2202 735 2323 807 bu·

310 855 554 905 meros
603 832 888 906 sublato
954 836 1310 918 excurrit,
1383 841 1459 904 et
1508 854 1664 905 cnm
1731 837 1998 906 ceteris
2059 836 2149 909 ad
2205 859 2324 910 ua·

308 957 444 1006 ves
497 936 838 1028 perrexit.
940 931 1167 1024 Quam
1220 954 1370 1005 rem
1410 932 1636 1026 Bjorn
1687 933 1940 1024 gloriae
1994 940 2324 1029 parandae

308 1057 527 1107 causa
578 1036 880 1106 maxime
915 1043 1307 1107 exsecutus
1354 1043 1490 1120 est,
1540 1032 1892 1106 bominem
1926 1040 2106 1109 enim
2139 1060 2325 1111 mor-

309 1146 506 1209 tuum
560 1157 732 1208 esse
785 1134 972 1206 haud
1029 1134 1407 1220 dubitavit,
1457 1145 1669 1230 atque
1721 1138 1830 1229 sic
1882 1158 2171 1232 quoque
2202 1161 2325 1212 res

312 1247 490 1323 erat,
543 1257 702 1307 nam
731 1235 945 1307 bomo
977 1235 1309 1328 (interea)
1342 1236 1797 1308 moriebatur.
1898 1235 2132 1328 Quem
2163 1262 2324 1313 cum

307 1335 534 1430 Bjoru
578 1356 825 1409 secum
877 1336 966 1407 ad
1017 1356 1213 1408 mare
1268 1339 1733 1428 portavisset,
1801 1340 1872 1407 in
1925 1358 2146 1411 naves
2195 1361 2324 1413 ex·

307 1448 709 1524 currerunt,
758 1439 991 1509 statim
1026 1439 1246 1508 remis
1280 1435 1776 1523 incubuerunt,
1825 1435 2324 1536 beneficioque

310 1538 889 1611 densissimarum
941 1540 1174 1609 noctis
1223 1537 1677 1609 tenebrarum
1732 1548 1807 1609 et
1858 1538 2171 1612 malaciae
2215 1546 2323 1617 usi

309 1640 752 1730 effugerunt,
803 1659 1039 1732 neque
1089 1640 1289 1731 prius
1341 1661 1626 1710 cursum
1669 1642 2045 1728 stiterunt,
2116 1664 2323 1737 quam

308 1743 379 1809 in
405 1737 837 1811 Britanniam
873 1749 1375 1832 pervenerunt.
1477 1738 1640 1811 Rex
1692 1761 1873 1812 vero
1925 1763 2084 1814 cum
2135 1748 2324 1815 omni

311 1839 773 1912 multidndine
843 1840 1121 1911 domun·
1172 1839 1265 1913 ad
1315 1838 1545 1911 aulam
1611 1841 1860 1927 rediit,
1944 1847 2324 1934 aegerrime

304 1940 592 2027 ferens,
646 1940 838 2035 quod
903 1942 1345 2034 propositum
1401 1945 1706 2035 exsequi
1757 1961 1900 2013 non
1950 1946 2326 2035 potuisset.

305 2040 555 2136 ltaque
600 2044 959 2133 integrato
1009 2042 1378 2125 convivio,
1430 2040 1682 2133 epuias
1732 2040 2077 2112 funebres
2128 2042 2326 2115 cele„

307 2142 550 2237 brant,
618 2164 762 2236 quo
813 2141 1146 2215 confecto
1215 2162 1415 2213 suam
1468 2143 1776 2236 quisque
1828 2140 2111 2215 domum
2160 2144 2327 2221 inde

236 2300 241 2305 .
311 2263 393 2314 re
446 2245 621 2314 etiit.

394 2267 445 2338 P
510 2342 631 2415 23.
730 2340 1038 2429 Ferunt,
1121 2339 1459 2429 olavam,
1536 2363 1832 2414 uxorem
1896 2341 2324 2433 Paluatokii‚

309 2444 600 2539 [aestate
653 2446 976 2537 proxime
1044 2442 1480 2538 insequentil
1572 2444 1888 2516 morbum
1947 2445 2091 2517 sibi
2145 2444 2325 2520 leta-

305 2544 452 2617 lem
523 2554 794 2617 nactam
888 2542 1122 2616 esse2.
1264 2543 1426 2635 Qua
1507 2555 1781 2619 mortua
1857 2544 2325 2621 Paluatokius

308 2649 698 2734 mansionis
746 2649 817 2715 in
843 2643 1198 2718 Britannia
1250 2655 1629 2738 pertaesus,
1681 2644 1953 2739 Bjorne
1983 2645 2325 2721 Britanno

308 2748 400 2818 ad
454 2747 847 2819 custodiam
901 2750 1106 2839 regni
1160 2746 1439 2831 relicto,
1503 2750 1786 2837 triginta
1836 2768 2061 2821 naves
2111 2761 2324 2840 appa·

313 2858 442 2935 rat,
497 2850 813 2941 piraticae
859 2858 933 2919 et
962 2846 1440 2941 populationis
1478 2845 1914 2918 exercendae
1946 2867 2165 2921 causa
2198 2867 2326 2918 ex·

314 2970 682 3021 cursurus.
784 2947 1208 3041 Comparato
1262 2949 1520 3021 itinere
1574 2968 1617 3018 e
1670 2968 1896 3044 regno
1938 2947 2326 3041 proficisci-

308 3060 448 3136 tur,
500 3068 734 3143 eaque
787 3058 1038 3120 aestate
1091 3047 1404 3120 Scotiam
1459 3060 1534 3121 et
1577 3049 1978 3123 Hiberniam
2037 3049 2327 3145 popula-

306 3151 593 3221 bundus
645 3150 969 3235 accedit,
1039 3168 1329 3243 magnas
1379 3154 1670 3244 piratica
1721 3174 1942 3245 opes,
2007 3174 2327 3244 magnam

315 3249 613 3344 gloriam
668 3253 1147 3344 consequitur.
1251 3249 1419 3342 Quo
1474 3258 1639 3325 vitae
1682 3272 1957 3345 genere
2004 3274 2163 3323 cum
2195 3274 2330 3345 per

312 3354 685 3424 continuas
742 3351 1118 3425 duodecim
1170 3361 1464 3425 aestates
1517 3363 1877 3438 uteretur,
1945 3351 2175 3445 ampia
2240 3373 2328 3423 se

314 3451 574 3524 obtulit
640 3466 716 3525 et
778 3454 886 3523 rei
951 3450 1300 3524 faciendae
1371 3464 1445 3525 et
1513 3452 1766 3546 gloriae
1835 3451 2329 3547 comparandae

314 3556 625 3625 occasio.
727 3553 1010 3624 Interea
1061 3573 1243 3623 vero
1298 3553 1463 3623 dum
1507 3558 1578 3624 in
1614 3553 1728 3627 his
1757 3553 2331 3648 expeditionibus

315 3663 600 3747 tempus
643 3652 1132 3738 consumebat,
1199 3651 1432 3746 aliqua
1462 3665 1716 3727 aestate
1741 3658 1811 3726 in
1838 3655 2330 3727 Vindlandiam

314 3753 823 3848 proficiscitur,
906 3776 998 3827 eo
1053 3754 1220 3825 loco
1284 3753 1569 3845 praedas
1609 3768 1952 3844 acturus3
2031 3755 2330 3872 quadra·

315 3858 512 3947 ginta
564 3867 711 3928 tum
761 3878 989 3927 naves
1040 3855 1352 3939 ducenS,
1387 3876 1578 3925 cum
1635 3857 1886 3928 decem
1939 3855 2330 3974 superiori-

314 3954 454 4028 bus
495 3957 910 4050 adjecisset.
1010 3955 1122 4027 Eo
1175 3965 1501 4048 tempore
1551 3954 1717 4029 buic
1770 3964 1983 4029 terrae
2016 3958 2332 4120 ’impera

388 4107 436 4178 1)
471 4125 591 4181 post
626 4112 737 4164 haec
773 4109 953 4162 eadem
998 4121 1182 4172 estate,
1243 4104 1300 4160 F.
1389 4106 1511 4173 Ὃκ
1482 4106 1611 4176 a[c
1613 4129 1700 4160 um
2033 4104 2211 4158 ιιι·Β
2195 4120 2301 4160 tnta

315 4200 460 4252 niam
497 4203 752 4267 rediisset,
790 4215 1052 4255 mortuam
1091 4201 1265 4266 fuisse,
1302 4202 1366 4275 B,
