2950 4684
581 262 760 355 Ἢ
1023 288 1122 337 nn
1172 285 1484 337 unxores
1535 281 1833 334 uanum
1885 285 2116 333 nmo.
2430 280 2508 342 c,
2540 278 2614 345 7,

585 481 661 545 te
713 470 1010 543 hauriet.
1111 468 1360 565 Itaque
1413 466 1778 562 extemplo
1836 488 1998 553 eum
2051 470 2120 537 in
2155 486 2409 558 rogum
2437 487 2616 560 pro-

584 572 904 660 trabunt,
980 571 1103 642 ubi
1155 569 1380 642 malus
1431 569 1560 640 ille
1611 566 2108 661 subdolasque
2157 566 2410 653 bomo,
2485 569 2614 661 qui

586 673 726 745 sibi
777 675 936 765 ipse
989 671 1271 744 foveam
1322 672 1629 764 paravit,
1683 672 1752 740 in
1802 690 2006 762 quam
2051 671 2247 760 justo
2299 667 2444 741 Dei
2490 671 2613 759 ju-

589 773 779 844 dicio
834 772 1135 859 decidit,
1214 774 1285 843 in
1337 774 1627 845 cineres
1690 790 1924 862 usque
1990 767 2407 840 combustus
2472 777 2613 839 est.

583 872 869 945 Interea
934 893 1113 944 vero
1185 873 1346 942 dum
1410 874 1610 943 servi
1664 872 1806 963 igni
1858 866 2225 941 adstantes
2276 872 2463 940 iuter
2515 889 2617 941 se

587 972 1200 1067 colloquebantur,
1251 983 1332 1044 ut
1381 970 1752 1042 ntaleficus
1804 972 1942 1041 iste
1997 970 2090 1043 de
2141 969 2379 1040 medio
2431 968 2612 1039 sub-

587 1072 775 1145 latus
828 1082 1067 1158 esset,
1134 1071 1395 1164 Vigsus
1445 1072 1534 1142 ad
1591 1091 1723 1142 eos
1775 1070 2162 1155 advectus,
2213 1091 2341 1140 cur
2388 1070 2633 1152 otiosi

590 1183 863 1258 essent,
914 1175 1256 1265 quaesivit.
1361 1170 1471 1242 llli
1524 1192 1610 1243 se
1668 1170 2114 1261 utilissimum
2168 1190 2349 1262 opus
2381 1179 2611 1241 matu-

586 1276 804 1345 tinum
857 1270 1262 1344 absolvisse
1318 1271 1779 1358 testabantur,
1834 1270 2158 1342 venefico
2211 1269 2339 1341 illo
2383 1272 2612 1341 inter-

586 1371 929 1459 ficiendo,
1002 1376 1122 1467 qui
1176 1374 1613 1466 praecedenti
1664 1380 1998 1442 autumno
2053 1392 2147 1441 ex
2198 1369 2424 1449 Dania
2475 1370 2612 1441 ad-

585 1477 927 1546 venisset.
1030 1472 1165 1544 Hic
1215 1472 1498 1566 Vigsus,
1548 1493 1940 1566 suppressa
1990 1492 2197 1556 voce,
2223 1469 2610 1557 intellexit,

588 1574 757 1666 quid
810 1573 948 1643 sibi
999 1576 1380 1663 cogitatum
1451 1573 1747 1658 suisset,
1830 1581 2047 1666 utque
2111 1593 2196 1643 se
2263 1573 2611 1645 vertisset

584 1693 742 1759 res3
794 1670 1168 1758 intellexit,
1220 1694 1309 1744 sc
1361 1676 1603 1744 missae
1656 1672 2005 1743 beneficio
2057 1682 2285 1743 morte
2337 1670 2602 1742 libera-

586 1779 756 1858 tum,
805 1794 1195 1867 poenasque
1247 1777 1570 1844 meritum
1601 1772 1915 1848 dedisse.
2014 1772 2297 1865 Vigqu‚
2348 1775 2603 1865 ingen-

587 1872 776 1944 tibus
827 1872 995 1945 Deo
1046 1876 1295 1966 gratiis
1344 1877 1555 1946 tacita
1610 1882 1844 1944 mente
1890 1876 2105 1960 actiS,
2145 1875 2385 1947 servis
2437 1894 2601 1966 quae

585 1972 908 2046 facerent
961 1977 1296 2068 imperat,
1368 1978 1526 2068 ipse
1581 1975 1667 2047 ad
1726 1996 1908 2068 opus
1958 1996 2159 2057 suum
2213 1972 2601 2044 revehitur.

582 2073 768 2146 Post
820 2075 1077 2145 eodem
1131 2076 1274 2161 die,
1325 2099 1538 2170 quum
1591 2097 1724 2146 rex
1774 2095 1972 2145 more
2024 2074 2243 2146 solito
2294 2074 2380 2144 ad
2412 2094 2601 2166 opus

583 2175 1098 2269 inspiciendum
1150 2176 1484 2262 adesset,
1554 2198 1640 2247 ea
1693 2185 1847 2247 erat
1898 2175 2273 2269 dispositio
2326 2176 2595 2268 operiS,

583 2272 984 2371 ut·Vigsus
1051 2297 1094 2345 a
1156 2297 1286 2346 sua
1341 2286 1540 2368 parte
1592 2286 1855 2361 staret,
1938 2276 2144 2347 locus
2211 2275 2297 2349 ab
2367 2274 2599 2347 altera

586 2381 784 2468 parte
837 2375 1145 2446 adversa
1196 2396 1465 2446 vacuus
1519 2384 1736 2446 esset.
1841 2374 2053 2466 Quod
2112 2398 2245 2447 rex
2296 2378 2595 2447 admira-

583 2485 702 2545 tus
751 2477 1002 2563 tacuit3
1057 2476 1416 2549 ceciderat
1470 2478 1653 2546 enim
1710 2497 1830 2548 res
1881 2488 2127 2548 contra
2183 2499 2389 2571 quam
2441 2480 2596 2569 opi-

582 2584 790 2645 natus
843 2584 1016 2647 erat.
1121 2575 1256 2647 llic
1308 2575 1568 2667 Vigsus
1622 2577 1804 2648 infit:
1858 2576 2067 2651 Deus
2096 2577 2352 2651 melius
2386 2597 2597 2671 quam

584 2683 700 2762 tu,
761 2697 935 2762 rex,
1001 2680 1231 2764 novit,
1309 2678 1478 2771 quid
1535 2688 1805 2750 rectum
1859 2699 2249 2773 verumque
2302 2681 2431 2765 sit3
2515 2686 2595 2748 tu

587 2779 773 2846 enim
840 2777 1092 2848 fraude
1164 2778 1556 2871 deceptuS,
1642 2782 2085 2850 innocentem
2139 2781 2401 2870 injuste
2473 2777 2600 2848 da·

584 2880 858 2963 mnasti,
906 2878 1215 2973 ideoque
1268 2877 1495 2950 malus
1549 2879 1759 2953 bomo
1811 2881 2086 2970 injuriae
2137 2901 2293 2953 suae
2343 2900 2595 2972 poenas
2722 2901 2737 2911 “

586 2976 802 3048 dedit.
903 2976 1133 3067 Quam
1197 2978 1290 3050 ob
1344 3000 1495 3050 rem
1566 2983 1761 3072 regis
1826 2978 2117 3051 Sveinis
2186 2982 2607 3051 memoriam-

583 3086 789 3168 grato
842 3080 1071 3146 animo
1125 3077 1373 3150 colere
1428 3079 1691 3166 debeo,
1745 3084 1857 3149 cui
1892 3083 2049 3171 regi
2102 3091 2177 3152 tu
2232 3100 2323 3151 eo
2366 3082 2598 3171 magis

585 3174 948 3246 dissimilis
1002 3181 1413 3270 reperieris,
1464 3200 1608 3270 quo
1662 3185 1889 3271 magis
1943 3202 2183 3263 mores
2236 3190 2400 3261 tuos
2458 3202 2591 3251 ex·

584 3278 931 3370 perientia
982 3276 1359 3355 detexerit.
1462 3277 1598 3348 Hic
1650 3279 2082 3374 colloquium
2156 3302 2399 3353 eorum
2468 3279 2597 3355 ab·

581 3387 863 3470 ruptum
917 3387 1061 3465 est3
1137 3400 1273 3448 rex
1326 3380 1510 3450 enim
1566 3378 1937 3467 discessit,
2018 3382 2209 3475 quod
2273 3402 2359 3452 se
2413 3379 2599 3453 deli-

584 3479 830 3569 quisse
883 3478 1255 3549 sentiebat.
1355 3478 1589 3551 Paulo
1628 3491 1810 3574 ,post
1858 3482 2251 3574 Vigsusem·
2297 3484 2604 3553 comiter

583 3573 973 3662 allocutuS‚
1024 3599 1145 3664 se,
1196 3588 1569 3675 antequam
1624 3583 2213 3674 digrederentur,
2267 3585 2335 3652 ei
2384 3584 2602 3654 satis-

580 3674 927 3767 facturum
983 3677 1385 3771 pollicetur,
1437 3683 1630 3775 quod
1684 3682 2025 3755 malorum
2078 3682 2435 3763 hominum
2478 3704 2600 3761 ca·

581 3773 839 3847 lumnia
911 3788 984 3849 et
1029 3783 1344 3873 perjurio
1398 3782 1745 3855 seductus
1796 3787 1866 3853 in
1922 3804 2079 3854 eum
2134 3784 2611 3878 deliquisset3.

572 3879 856 3972 jamque
909 3877 1285 3972 Vigfusem
1338 3891 1568 3972 rogat,
1625 3892 1698 3953 ut
1749 3894 2020 3978 partem
2073 3888 2319 3978 operis
2362 3883 2453 3955 ab
2480 3905 2599 3955 ar-

585 3976 772 4049 tifiee
823 3978 1066 4073 Anglo
1122 3989 1554 4052 exstructam
1610 3984 1950 4070 destruat,
2002 3994 2371 4080 totumque
2423 3984 2599 4069 aedif-

580 4074 813 4149 ficium
862 4080 955 4152 ad
1005 4101 1209 4151 unam
1262 4080 1704 4178 eandemque
1757 4106 2071 4159 normam
2110 4093 2588 4181 ,consummet
