2950 4684
563 310 743 399 ω
1102 338 1468 386 mareau
1522 339 2038 387 xum-inanum.
2376 337 2449 399 c,
2475 336 2581 401 58,

570 531 719 594 est:
784 542 1099 618 quaenam
1151 518 1371 595 verba
1420 542 1609 594 nnnc
1657 523 1753 593 ita
1802 522 2179 607 faciemus,
2229 529 2310 592 ut
2359 523 2580 592 omni-

564 621 707 695 bus
754 625 1060 696 maxime
1113 624 1460 716 expedire
1523 622 1803 716 possit?
1903 621 2123 708 Nam,
2187 643 2405 714 quum
2455 640 2583 692 res

564 726 635 793 in
699 721 934 795 locum
1005 732 1143 794 tam
1205 725 1517 819 iniquum
1572 723 1879 795 deducta
1931 725 2065 809 sit,
2131 743 2400 793 summa
2449 727 2581 815 po-

565 821 784 895 stulat
810 826 1235 909 necessitaS,
1285 836 1385 910 ut,
1435 826 1502 895 si
1553 845 1689 918 qua
1735 822 1892 893 fieri
1926 825 2172 917 possit,
2219 825 2294 891 in
2322 831 2578 893 statum

562 922 934 996 meliorem
986 927 1419 996 restituatur.
1520 922 1849 1019 Populus
1899 926 2079 1010 iste,
2131 924 2252 1018 qui
2301 923 2579 994 furiose

566 1033 642 1096 et
690 1027 1214 1119 praecipitanter
1262 1027 1605 1118 prorupit,
1655 1044 1850 1095 nunc
1894 1022 2062 1095 telis
2110 1027 2401 1110 vestris,
2459 1037 2577 1093 re-

563 1126 703 1216 gii,
755 1124 1071 1197 nonnihil
1126 1122 1593 1196 labefactatus
1644 1134 1781 1196 est.
1883 1123 2251 1210 Animum,
2302 1144 2577 1218 quaeso‚

564 1225 773 1296 dictis
823 1228 1003 1295 meis
1053 1225 1435 1297 advertite!
1507 1227 1728 1318 parati
1797 1223 1963 1297 sunt
2030 1223 2269 1296 coloni
2331 1225 2576 1295 redire

561 1328 635 1395 in
684 1328 976 1417 gratiam
1028 1347 1186 1397 cum
1237 1346 1440 1417 rege.
1515 1324 1679 1417 Qua
1704 1346 1787 1397 re
1822 1347 2031 1420 quum
2064 1345 2321 1418 magno
2348 1341 2575 1417 opere

563 1424 809 1513 laeter,
859 1427 1138 1497 idcirco
1184 1426 1560 1499 confestim
1614 1429 1686 1497 in
1738 1437 2097 1512 vestrum,
2148 1424 2576 1511 Benedicte‚

561 1543 1034 1619 congressum
1100 1530 1293 1615 veni3
1383 1531 1641 1600 etenim
1719 1547 1930 1598 nemo
1999 1549 2140 1599 non
2211 1528 2576 1619 perspicit,

559 1645 853 1699 summae
904 1630 1361 1699 necessitatis
1415 1648 1626 1715 esse,
1677 1626 2327 1700 reconciliationem
2377 1625 2573 1712 {ieri3

563 1737 639 1799 et
704 1731 1112 1822 exspectari
1179 1727 1499 1822 poterat,
1583 1732 1766 1799 istos
1845 1749 2004 1799 cum
2082 1748 2267 1821 rege
2327 1725 2571 1800 xmo

559 1837 961 1901 certaturos
1011 1828 1292 1900 fortuna
1345 1830 1756 1901 destitutum
1809 1830 1913 1899 iri.
1989 1829 2147 1901 Etsi
2189 1848 2392 1914 vero,
2443 1830 2570 1897 mi-

558 1927 750 2016 lites,
802 1931 1045 2024 inquit,
1095 1951 1347 2023 magna
1388 1933 1532 2023 Jam
1583 1928 1796 2001 inlata
1829 1939 2268 2024 acceptaque
2323 1927 2572 2002 clades

561 2039 698 2117 est,
749 2040 983 2107 tamen
1033 2052 1158 2102 res
1204 2032 1298 2102 ad
1349 2034 1576 2125 maius
1629 2030 2009 2102 discrimen
2063 2028 2455 2124 spectabit,
2505 2030 2571 2099 si

561 2129 727 2224 quid
782 2132 1124 2204 acciderit
1169 2135 1360 2225 regi3
1413 2152 1652 2227 neque
1705 2133 1884 2203 enim
1919 2134 2106 2202 sciri
2133 2140 2396 2225 potest,
2449 2128 2567 2200 ubi

557 2229 931 2306 multitudo
994 2231 1350 2304 hominum
1413 2233 1586 2306 fidei
1635 2235 1865 2306 minus
1931 2231 2251 2326 probatae
2301 2251 2567 2302 conve-

557 2333 777 2418 nerit,
841 2351 1075 2402 annon
1125 2330 1339 2426 aliqui
1389 2333 1664 2418 facinus
1714 2336 1783 2402 in
1833 2351 1920 2403 se
1973 2332 2281 2404 libenter
2320 2332 2566 2401 admit-

556 2438 720 2503 tant.
849 2430 1013 2503 Jam
1081 2435 1399 2504 universi
1461 2433 1761 2503 animum
1825 2433 2312 2520 advertamus,
2397 2430 2565 2526 quid

554 2529 747 2603 factu
782 2536 1125 2628 ,optimum
1179 2536 1296 2620 sit,
1346 2537 1518 2604 iram
1569 2536 1844 2605 interea
1889 2538 2375 2620 remittenteS,
2427 2551 2565 2627 qua

553 2630 1049 2705 invalescente
1100 2655 1310 2706 nemo
1372 2656 1620 2707 verum
1671 2633 2034 2729 perspicit,
2135 2634 2381 2728 ltaque
2432 2654 2567 2704 vos

472 2799 481 2806 ,
554 2754 690 2827 per
714 2732 949 2806 Deum
1002 2734 1337 2823 obsecro,
1388 2739 1611 2831 inquit
1645 2736 2041 2829 Eyviudus,
2092 2745 2170 2807 ut
2222 2733 2387 2804 mihi
2438 2754 2566 2805 ve·

555 2837 740 2906 niam
790 2838 989 2928 regis
1056 2838 1532 2910 conveniendi
1585 2837 2035 2923 concedatis,
2107 2858 2314 2932 quem
2366 2837 2565 2928 pacis

554 2944 899 3008 amantem
955 2958 1125 3009 esse
1176 2937 1480 3010 confido.
1581 2935 2023 3009 Benedictus
2072 2939 2424 3031 reposuit:
2487 2944 2567 3006 tu

555 3056 905 3128 nunquam
972 3039 1044 3106 in
1124 3040 1320 3130 regis
1398 3059 1874 3129 congressum
1944 3042 2233 3127 venies;
2314 3057 2564 3108 omnes

554 3137 742 3204 enim
794 3145 1074 3223 norunt,
1127 3146 1202 3207 te
1256 3137 1515 3231 quovis
1561 3136 1843 3210 homine
1896 3142 2123 3233 magis
2176 3159 2347 3210 esse
2397 3143 2562 3231 per*

471 3248 476 3254 '
555 3233 803 3324 fidum3
872 3244 1085 3330 atque
1146 3240 1211 3308 si
1272 3257 1412 3306 non
1465 3240 1560 3308 ita
1626 3240 1695 3308 in
1762 3261 2010 3311 manus
2065 3250 2346 3312 nostras
2396 3259 2562 3331 pro-

555 3338 949 3423 cessisseS,
1001 3357 1270 3431 paucos
1319 3336 1486 3409 hinc
1536 3339 1805 3431 gradus
1853 3339 2334 3413 ambulaturus
2384 3338 2560 3410 fuis-

554 3458 723 3509 ses:
774 3458 963 3510 nuac
1014 3459 1236 3526 vero,
1289 3460 1499 3534 quum
1552 3442 1840 3513 inermis
1891 3444 2037 3527 εἰς,
2106 3446 2194 3513 si·
2222 3449 2296 3512 te
2346 3444 2563 3512 inter-

553 3536 827 3625 fecero,
877 3540 1213 3633 flagitium
1242 3561 1358 3611 me
1387 3544 1922 3615 commissurum
1954 3546 2309 3629 existimo,
2347 3544 2563 3637 quan·

550 3660 760 3734 qnam
810 3638 994 3711 haud
1039 3644 1111 3711 in
1161 3639 1346 3713 male
1398 3640 1620 3718 sactis·
1657 3639 1929 3738 ponam.
2027 3642 2351 3734 Quorum
2403 3662 2561 3713 ser-

545 3753 835 3812 monem
885 3742 1186 3816 audiens
1234 3762 1404 3829 rex,
1471 3744 1653 3816 infit:
1724 3743 2017 3815 liberam
2074 3744 2144 3813 ei
2195 3743 2563 3813 admissio-

552 3857 717 3913 nem
766 3843 1184 3932 concedite,
1236 3863 1439 3938 saepe
1491 3844 1866 3937 Eyvindus
1914 3850 2087 3915 voto
2139 3863 2304 3914 meo
2352 3842 2562 3910 satis-

550 3941 764 4033 fecitg
834 3942 1020 4017 hunc
1084 3966 1227 4038 ego
1254 3948 1752 4040 “majoresque
1816 3947 1957 4015 mei
2005 3941 2099 4014 'ad
2153 3937 2562 4034 dignitatem
2675 4024 2690 4034 ·

550 4054 993 4132 evexerunt,
1060 4048 1266 4138 cujus
1331 4044 1543 4140 digna
1605 4043 1711 4146 ab,
1749 4061 1840 4115 eo
1892 4046 2179 4138 praemia
2223 4039 2561 4129 referam,

554 4162 707 4214 rem
762 4148 945 4215 enim
996 4145 1205 4217 nobis
1254 4144 1634 4228 salutarem
1690 4153 1773 4216 et·
1792 4144 2031 4218 utilem
2062 4142 2563 4225 mecumhaud
