2950 4684
340 328 419 391 c.
438 323 661 392 aum.-
884 327 1252 380 msrcuu
1307 257 1848 376 anonumum:
2176 298 2354 388 21⁹

337 512 511 603 ligio
561 530 1001 603 magnopere
1054 519 1169 583 est
1218 509 1504 597 violata,
1555 519 1646 583 et·
1676 507 1898 602 vulgo
1933 510 2194 595 dicunt,
2244 508 2353 582 le·-

339 616 544 684 viora
600 609 859 682 delicta
912 609 1179 684 solere.
1212 614 1532 703 graviter
1580 634 1623 682 a
1675 632 1789 680 me
1843 612 2086 703 puniri.
2151 608 2351 700 Quo·

339 716 518 783 niam
571 731 752 783 vero
804 722 921 791 tua
976 714 1423 804 procuratio,
1506 710 1736 806 qualis
1801 710 2149 782 hacteuus
2201 709 2354 795 fuit,

339 811 510 886 mihi
562 812 752 883 bene
807 810 1065 904 placet,
1117 810 1253 884 hac
1299 812 1455 883 vice
1483 822 1782 883 nontam
1819 832 2110 897 severe,
2147 831 2355 903 quam

339 910 580 986 multis
631 910 819 983 forte
871 915 1311 984 conveniens
1359 913 1753 998 videbitur,
1802 915 1872 982 in
1923 922 1996 982 te
2049 910 2354 982 animad-

339 1023 636 1098 vertam,
715 1011 1167 1083 solummodo
1206 1012 1534 1098 hortans,
1598 1022 1673 1084 ut
1723 1012 1892 1083 Deo
1942 1011 2359 1100 satisfacias,

339 1135 493 1185 rem
546 1133 751 1207 quam
818 1115 1109 1205 primum
1173 1113 1676 1185 sacerdotibus
1737 1113 2066 1198 fatearis,
2138 1120 2356 1205 teque

341 1235 570 1307 poenae
597 1212 1112 1286 ecclesiasticae
1135 1214 1527 1285 submittas.
1611 1211 1828 1303 Quod
1855 1222 2091 1284 autem
2122 1231 2356 1282 meum

332 1318 456 1408 jus
507 1312 844 1386 violatum
899 1324 1035 1398 est,
1085 1314 1158 1384 id
1215 1314 1333 1386 tibi
1383 1317 1688 1386 remitto.
1778 1311 2144 1384 Ceterum
2200 1310 2359 1383 haec

342 1435 491 1500 reS,
543 1412 736 1507 quod
787 1412 1157 1487 humanum
1211 1418 1622 1507 sangvinem
1678 1413 1938 1499 bibisti,
1995 1435 2138 1483 nou
2190 1410 2357 1483 mihi

344 1513 642 1586 levioris
692 1512 925 1607 culpae
979 1514 1298 1600 videtur,
1369 1538 1573 1610 quam
1626 1516 1689 1584 si
1742 1524 2015 1586 coctam
2069 1531 2355 1583 carnem

344 1615 713 1700 humanam
765 1615 1191 1685 comederis.
1296 1615 1458 1708 Egit
1510 1637 1596 1686 se
1648 1616 1743 1685 ita
1806 1615 2148 1685 facturum
2201 1611 2358 1706 pol·

343 1714 603 1800 licituS,
653 1723 1025 1808 antequam
1082 1716 1621 1807 digrederetur,
1671 1736 1920 1807 regem
1975 1715 2061 1784 ad
2115 1715 2359 1784 convi-

340 1819 531 1889 vium
586 1816 865 1886 domum
919 1837 1117 1886 suam
1169 1818 1519 1887 invitavit:
1573 1837 1793 1908 spero
1847 1819 2072 1899 enim,
2140 1814 2358 1885 domi-

342 1939 461 2002 ue,
517 1918 760 2009 inquit,
808 1917 876 1985 si
931 1916 1211 1987 domum
1269 1938 1496 1987 meam
1537 1918 1895 2003 inviseris,
1949 1914 2357 1986 felicitatem

344 2016 639 2109 aliquam
691 2016 783 2085 ad
839 2036 953 2087 me
1005 2017 1571 2087 redundaturum.
1672 2015 1838 2086 Rex
1888 2038 1977 2087 se
2008 2022 2357 2105 vergente

343 2116 579 2188 hieme
628 2116 1026 2187 adfuturum
1081 2119 1436 2209 promittit.
1556 2115 1725 2207 Egit
1779 2118 2057 2187 domum
2113 2134 2359 2186 rever-

344 2220 552 2303 titur,
631 2237 863 2310 seque
933 2217 1122 2288 domi
1174 2220 1247 2286 in
1296 2215 1968 2308 Borgundarholmo
2023 2236 2154 2309 per
2204 2213 2358 2284 hie·

347 2339 529 2388 mem
582 2321 915 2390 continet.

972 2418 1096 2490 De
1141 2441 1319 2515 φερε
1369 2429 1443 2491 et
1493 2418 1731 2514 Effe.

544 2517 664 2589 37.
764 2516 1176 2613 Insequenti
1244 2541 1423 2591 vere
1493 2541 1626 2589 rex
1691 2518 1978 2589 Knutus
2043 2520 2116 2587 in
2173 2514 2359 2587 Bor·

346 2617 931 2710 gundarholmum
984 2620 1441 2712 profecturus
1504 2623 1643 2690 iter
1695 2620 2145 2712 comparavit.
2247 2616 2358 2686 ln-

344 2728 548 2788 terea
611 2718 776 2810 Egit
841 2717 1291 2812 splendidum
1345 2722 1744 2791 convivium
1814 2726 2358 2811 praeparaverat.

342 2817 657 2890 Advenit
707 2841 838 2889 rex
902 2840 1157 2911 magno
1214 2839 1379 2890 ‘cum
1448 2823 1801 2890 comitatu.
1933 2816 2035 2886 lbi
2103 2820 2360 2907 ingens

347 2928 501 2990 erat
551 2918 950 3004 triclinium,
1001 2922 1184 3011 regii
1239 2919 1474 3013 palatii
1524 2917 1780 3004 instar,
1833 2927 2051 2989 totum
2108 2916 2360 3008 clipeis

349 3019 717 3113 dispositis
788 3029 1126 3091 ornatum.
1256 3020 1418 3091 Rex
1488 3031 1641 3091 tres
1707 3029 1964 3091 noctes
2028 3020 2359 3090 convivio

344 3120 680 3205 interfuit,
735 3130 808 3190 et
844 3139 930 3192 se
958 3142 1391 3214 magnopere
1424 3120 1716 3193 hilarem
1751 3119 2069 3215 praebuit.
2145 3119 2359 3190 Domi

345 3218 912 3313 proticiscentem
976 3221 1141 3312 Egi}
1207 3222 1596 3314 magnificis
1647 3219 2055 3293 muneribus
2106 3240 2358 3313 prose·

346 3328 553 3391 cutus
607 3331 738 3391 est
879 3318 1014 3392 Hic
1065 3342 1199 3392 rex
1249 3319 1477 3414 Egili.
1562 3324 1762 3416 quid,
1816 3341 2101 3414 quaeso,
2169 3317 2360 3412 Egil,

343 3421 583 3514 inquit,
636 3439 725 3491 au
777 3424 908 3505 rei,
964 3422 1055 3490 de
1108 3444 1245 3514 qua
1296 3431 1370 3492 te
1424 3426 1746 3514 proxime
1779 3414 2166 3504 admonui,
2212 3421 2359 3488 ani·

341 3540 527 3590 mum
581 3521 976 3604 advertisti,
1027 3530 1106 3592 ut
1158 3521 1486 3592 delictum
1539 3544 1579 3591 a
1634 3531 1705 3591 te
1751 3521 2198 3589 commissum
2243 3540 2361 3589 sa·

344 3618 763 3694 cei-dotibus
809 3621 1052 3692 fassus
1104 3623 1234 3706 εἰς,
1285 3641 1689 3713 numenque
1720 3619 1861 3689 Dei
1900 3620 2359 3713 expiaveris?

345 3717 482 3789 Cui
532 3717 736 3810 Egil:
788 3742 930 3792 non
983 3721 1293 3805 adverti,
1370 3721 1692 3806 domine,
1773 3722 2027 3814 inquit,
2096 3719 2361 3790 oblitus

341 3817 642 3890 scilicet.
745 3818 980 3913 Rege,
1035 3841 1124 3890 ne
1180 3840 1330 3890 rem
1387 3822 1650 3891 diutius
1677 3820 2018 3906 differret,
2069 3838 2360 3889 monen-

341 3927 456 4005 te,
536 3916 704 4011 Egi!
757 3941 845 3990 se
898 3930 1265 4012 gesturum
1337 3941 1605 3992 morem
1675 3919 2113 4013 significavit.
2177 3957 2184 3962 ·
2232 3914 2360 3987 Sic

343 4021 572 4089 amice
622 4021 1138 4114 digrediuntur.
1247 4021 1533 4095 AEstate
1584 4023 1910 4113 proxime
1957 4018 2360 4110 insequenti
2455 4058 2460 4063 -

342 4116 511 4210 Egi}
558 4120 650 4192 ad
702 4123 1060 4214 piraticam
1114 4120 1508 4196 faciendam
1559 4121 1897 4206 excurrit,
1946 4118 2360 4212 ingentique
