2950 4684
580 313 764 406 350
1115 334 1481 385 msa-omn
1534 333 2055 384 xum-runnu.
2349 331 2425 394 c,
2461 329 2605 394 125,

584 525 887 622 pecunia
938 518 1455 614 obsidibusque
1507 521 1705 614 pacis
1754 516 2196 590 redimendae
2227 519 2454 611 gratia
2475 515 2603 587 da·

584 630 718 712 tis,
793 644 879 696 se
943 624 1013 692 iu
1063 628 1490 716 potestatem
1542 623 1745 713 regis
1796 619 2183 692 traderent.
2312 616 2607 709 Quibus

585 726 807 798 rebus
855 724 1088 816 gestis
1142 741 1276 794 rex
1344 724 1417 792 iu
1467 740 1767 814 regnum
1820 741 2029 792 suum
2081 719 2315 791 rediit.
2416 717 2606 789 Post

583 827 746 899 haec
795 823 1220 918 aliquantum
1272 825 1622 915 temporis
1669 842 1795 893 res
1847 823 2127 915 quietae.
2228 818 2413 890 Post
2463 817 2605 889 hac

584 924 838 999 hieme·
872 944 1007 995 rex
1058 921 1343 994 Kuutus
1393 923 1742 994 dominam
1792 920 2338 1006 Geirthrudam,
2394 919 2607 991 ducis

582 1026 879 1100 Henrici
928 1023 1178 1115 filiam,
1241 1026 1313 1093 in
1362 1026 1877 1095 matrimonium
1929 1021 2165 1110 duxit3
2216 1023 2407 1093 circa
2461 1019 2605 1091 hoc

585 1139 869 1223 tempus
920 1121 1527 1216 christophorus,
1604 1126 1805 1215 regis
1868 1121 2319 1195 Valdemaris
2385 1120 2609 1206 filius,

587 1227 803 1315 obiit3
871 1224 1276 1316 codemque
1339 1233 1664 1316 tempore
1724 1221 1959 1294 Askel
2011 1222 2609 1316 archiepiscopus

586 1347 843 1401 munus
893 1345 1097 1396 suum
1150 1322 1527 1410 abdicavit,
1579 1333 1653 1405 et
1704 1322 1794 1394 ab
1846 1326 2194 1416 episcopo
2228 1320 2608 1394 Absalone

587 1431 838 1524 petiit,
907 1435 992 1498 -ut
1040 1446 1296 1496 munus
1349 1422 1962 1518 archiepiscopale
2013 1427 2086 1495 in
2136 1445 2223 1495 se
2274 1425 2607 1515 suscipe-

586 1538 719 1601 ret.
825 1525 971 1617 Qui
1026 1544 1239 1620 quum
1291 1524 1495 1597 nullo
1543 1534 1753 1617 pacto
1802 1525 1892 1595 ad
1945 1525 2017 1594 id
2067 1523 2609 1617 suscipiendum

585 1629 827 1700 induci
880 1635 1156 1720 posset,
1215 1645 1350 1695 rex
1404 1622 1788 1697 Valdemar
1840 1634 1914 1696 et
1963 1624 2195 1696 Askel
2248 1623 2604 1717 archiepi-

587 1747 862 1820 scopus
915 1745 1076 1797 euni
1129 1733 1392 1797 tantum
1462 1746 1604 1796 nou
1654 1729 1942 1798 invitum
2008 1728 2078 1795 in
2130 1727 2314 1796 sede
2367 1723 2604 1795 archi-

589 1824 983 1923 episcopali
1017 1824 1520 1913 collocarunt,
1599 1847 2007 1921 nomenque
2071 1825 2605 1919 archiepiscopi

590 1928 958 2002 dederunt.
1058 1925 1468 2020 Insequenti
1520 1937 1756 1998 autem
1809 1946 2010 2014 vere,
2061 1935 2386 2021 tempore
2412 1928 2605 2019 jeju-

587 2024 723 2116 nii',
786 2026 1023 2101 Askel
1084 2027 1675 2122 archiepiscopus
1724 2032 1797 2098 in
1851 2027 2185 2121 oppidum
2235 2025 2604 2098 claraval-

588 2129 722 2217 lnS,
772 2129 965 2225 quod
1018 2127 1428 2222 opulentum
1482 2131 1980 2201 monasterium
2025 2137 2163 2214 est,
2213 2129 2608 2214 concessit,

585 2227 1125 2323 monachusque
1177 2227 1389 2316 obiit3
1452 2233 1521 2299 is
1570 2229 1839 2323 aliquot
1897 2249 2122 2300 annos
2189 2228 2603 2300 cathedram

586 2329 1047 2402 Lundensem
1100 2329 1306 2399 rexit.
1422 2326 1658 2419 Quum
1710 2350 1845 2400 rex
1895 2328 2280 2413 valdemar
2329 2349 2601 2421 cogno-

587 2433 843 2516 visset,
880 2426 1202 2514 VendoS,
1241 2437 1611 2523 postquam
1637 2432 1707 2499 in
1739 2432 2032 2521 gratiam
2064 2433 2337 2523 recepti
2376 2439 2601 2517 erant,

587 2551 771 2626 paee
824 2528 1058 2600 adhuc
1107 2531 1441 2621 vigente,
1515 2529 1658 2601 duo
1708 2530 2009 2602 castella
2062 2534 2135 2601 in
2186 2532 2377 2602 ostio
2428 2529 2601 2602 Pla-

458 2633 475 2654 *
587 2627 768 2704 taeo¹
821 2637 1232 2716 υκαι-ηοω,
1282 2630 1443 2722 ipse
1495 2650 1890 2725 omnesque
1941 2631 2130 2703 Dani
2158 2650 2603 2724 magnopere

588 2730 1069 2827 angebantur,
1117 2728 1646 2824 intelligentes,
1709 2730 2013 2803 Vendos
2064 2753 2341 2804 rursum
2395 2746 2601 2825 pacta

587 2836 1034 2926 migraturos.
1160 2829 1425 2923 Igitur,
1497 2835 1740 2903 missis
1789 2835 1977 2903 inter
2024 2852 2275 2925 regem
2326 2832 2600 2906 Valde-

588 2955 856 3007 mnrem
922 2942 999 3002 et
1047 2928 1430 3003 Henricum
1501 2933 1753 3004 ducem
1819 2930 2423 3005 Brunsviceusem
2493 2936 2597 3005 in-

587 3034 989 3114 ternuntii&
1039 3041 1267 3102 actum
1322 3040 1460 3117 est,
1511 3041 1591 3103 ut
1618 3036 1846 3127 copiis
1894 3033 1981 3104 ad
2023 3032 2290 3106 bellum
2335 3037 2601 3106 instru-

589 3136 726 3206 ctis
775 3134 846 3202 iu
895 3128 1385 3201 Vindlandiam
1416 3131 1743 3223 profecti,
1794 3133 1891 3204 ibi
1919 3137 2407 3207 convenirent.
2458 3134 2601 3207 Ita-

589 3250 729 3327 que
781 3230 928 3301 dux
977 3233 1515 3303 cumzexercitu
1561 3234 1634 3302 iu
1681 3233 2032 3305 Diminum
2068 3234 2436 3328 profectus
2465 3245 2602 3308 est.

586 3332 762 3429 Rex¹
804 3329 1222 3418 valdemar,
1302 3335 1533 3425 copiis
1584 3334 1821 3406 denuo
1874 3355 1918 3404 e
1969 3333 2200 3406 Dania
2251 3338 2603 3424 evocatis,

586 3430 1049 3524 Valagustam
1104 3441 1622 3524 praetervectus
1658 3431 2067 3505 Fuznonem
2099 3438 2315 3519 venit,
2371 3445 2445 3507 et
2470 3456 2599 3529 po·

586 3531 1019 3626 putationem
1070 3531 1264 3620 fecit,
1318 3534 1644 3606 omnibus
1693 3534 1955 3606 incolis
2023 3534 2599 3628 aufugientibus3

588 3630 716 3703 ille
747 3651 948 3702 ·vero
999 3635 1133 3704 tria
1186 3634 1503 3728 oppida,-
1547 3632 1987 3722 Fuznonem,
2038 3634 2469 3729 Vinborgam
2520 3647 2603 3710 et

587 3727 913 3803 Fuiram²
962 3733 1293 3805 incendit.
1392 3732 1575 3806 Tum
1627 3734 1887 3827 legatis
1936 3739 2192 3806 iterum
2242 3738 2430 3808 inter
2476 3754 2598 3809 re-

591 3850 759 3923 gem
809 3830 1304 3906 Valdemarem
1371 3841 1462 3904 et·
1510 3833 1766 3906 ducem
1834 3835 2217 3907 Henricum
2284 3839 2599 3908 interce-

662 3982 712 4050 ¹)
753 3984 826 4047 03
879 3984 1103 4052 Flam,
1154 3986 1217 4037 A·
1361 3985 1411 4051 2)
1445 3987 1542 4042 tria
1579 3989 1769 4060 oppida
1805 3988 1987 4043 iusulae
2024 3989 2182 4045 0311oe
2222 3989 2502 4057 (Usedom)
2537 3989 2597 4042 in

590 4076 922 4142 Pomm-ania,
953 4092 1076 4148 *qun
1109 4078 1420 4149 respondere
1453 4094 1701 4152 putantur
1733 4081 1897 4135 tribua
1932 4080 2114 4138 incula
2149 4081 2321 4157 pagis,
2367 4082 2599 4145 Unum,

605 4163 903 4231 qunzlaw,
945 4162 1170 4220 Κῶπαι
2422 4176 2429 4183 “
