2950 4684
305 294 384 357 C.
421 289 636 354 14-15.
829 293 930 342 nn
970 294 1285 343 nuans
1333 294 1815 344 remanemus.
2206 289 2318 378 41

304 497 471 570 gem
523 474 910 549 Harakdum
969 479 1438 563 conveniunt,
1509 479 1766 570 eique,
1829 477 1999 571 qnid
2049 481 2322 571 gessis-

296 587 494 663 sent,
544 579 967 661 renuntiant,
1020 574 1279 648 Akium
1331 599 1656 672 suosque
1710 597 1963 649 omnes
2025 577 2320 650 interse-

305 686 487 749 ctos.
593 674 758 767 Qua
785 698 868 746 re
901 675 1303 750 delectatus
1331 699 1467 749 rex
1498 679 1834 764 ostendit,
1883 698 2182 772 sperare
2211 698 2323 765 se,

303 798 442 871 per
470 776 733 847 Akium
771 798 910 848 non
940 786 1312 864 staturum,
1343 782 1723 871 quominus
1749 778 2051 850 Daniam
2077 781 2321 869 singu-

304 877 436 948 lari
486 880 789 970 imperio
839 887 1153 968 regeret.
1253 878 1493 969 Regii,
1545 882 1660 973 qui
1691 878 1949 950 Akium
2001 898 2322 972 suosque

304 977 838 1063 interfecerant,
908 987 1111 1070 capta
1163 981 1392 1049 omnia
1445 999 1693 1050 eorum
1746 1001 1935 1051 arma
1992 992 2066 1050 et
2103 999 2321 1071 pecu-

308 1081 489 1163 nias»,
534 1082 862 1171 tanquam
914 1079 1251 1171 praedam,
1303 1077 1783 1167 abstulerant,
1869 1079 2144 1174 basque
2196 1100 2324 1150 res

306 1199 562 1250 omncs
613 1181 774 1270 regi
822 1177 1137 1250 Hal-aldo
1186 1180 1640 1266 tradiderant,
1707 1184 2143 1274 insuperque
2199 1201 2323 1250 ua-

310 1300 487 1364 veS,
563 1300 725 1371 quae
778 1277 963 1349 Akio
1016 1279 1333 1367 fuerant,
1408 1280 1788 1352 draconem
1858 1291 1933 1352 et
1981 1279 2322 1366 faselum3

306 1401 469 1472 quae
522 1382 751 1449 omnia
806 1400 940 1449 rex
993 1401 1130 1451 sno
1183 1379 1360 1452 fisco
1397 1381 1683 1452 addixit.
1790 1381 2015 1473 Cujus
2052 1382 2324 1472 negotii

307 1482 505 1550 exitu
557 1476 884 1571 Fjolner,
949 1481 1172 1551 trater
1223 1479 1426 1567 Akii,
1505 1480 1978 1553 vehementer
2044 1480 2360 1551 laetatus

307 1601 485 1651 esse
556 1581 851 1666 dicitur,
912 1584 1053 1673 jam
1122 1580 1259 1652 sibi
1328 1582 1762 1675 rependisse
1812 1585 2048 1667 visuS,
2130 1580 2322 1675 quod

306 1682 466 1773 ipse
515 1679 738 1767 bona,
805 1704 963 1774 qnae
1024 1691 1224 1774 patre
1276 1691 1556 1754 mortno
1607 1691 1931 1777 tanquam
1975 1684 2137 1774 jure
2191 1701 2323 1752 sua

308 1800 485 1851 esse
536 1782 1033 1871 contenderat,
1097 1784 1402 1876 adeptus
1454 1802 1597 1853 non
1652 1793 1874 1854 esset.

511 1880 628 1952 15.
727 1881 878 1953 Has
929 1905 1053 1956 res
1103 1887 1174 1953 in
1201 1881 1519 1954 Fioniam
1571 1883 1755 1961 fama,
1801 1883 2112 1977 perlatas
2165 1903 2323 1953 cum

304 1977 598 2068 Palner,
648 1980 871 2053 frater
924 1987 1103 2076 eJus,
1153 1987 1587 2076 accepisset,
1640 1993 1829 2054 tanta
1873 1982 2173 2052 affectus
2215 1990 2330 2074 est

305 2084 516 2153 animi
567 2083 1011 2174 aegritudine,
1062 2093 1143 2155 ut
1192 2084 1383 2155 lecto
1440 2080 1932 2169 decumberet,
1989 2082 2206 2174 idque
2255 2083 2326 2149 in

304 2187 553 2276 primis
608 2204 761 2253 eam
813 2182 910 2253 ob
949 2205 1257 2270 causam,
1310 2184 1498 2279 quod
1555 2186 1627 2254 in
1672 2188 1897 2278 ipsum
1927 2203 2202 2276 regem,
2254 2183 2324 2251 in

307 2307 518 2376 quem
572 2285 881 2356 vindicta
931 2306 1013 2355 re
1050 2307 1222 2357 vera
1270 2284 1593 2372 cadebat,
1647 2286 1948 2357 obtineri
1981 2285 2323 2357 ultionem

305 2403 531 2476 posse
585 2385 1032 2480 desperabat.
1131 2387 1580 2458 Memoratur
1629 2390 1739 2458 vir
1791 2389 2094 2481 quidam,
2157 2383 2326 2455 huic

305 2482 629 2556 historiae
679 2489 859 2579 parti
921 2486 1340 2581 implicitus,
1406 2490 1689 2558 nomine
1760 2487 2150 2580 SigurdnS,
2207 2488 2323 2582 qui

306 2606 606 2657 unacum
660 2586 997 2658 fratribus
1029 2589 1375 2661 educatus
1414 2587 1670 2675 fuerat,
1721 2592 1981 2683 insigni
2014 2588 2321 2682 pruden-

305 2690 403 2757 tia
463 2696 537 2759 et
601 2688 804 2759 dives
857 2686 1132 2782 opibus.
1250 2688 1455 2760 Hunc
1506 2687 1773 2760 Palncr
1825 2694 1894 2759 in
1947 2687 2320 2759 consilium

306 2787 623 2875 adhibet,
687 2810 827 2885 quo
878 2790 1094 2883 modo
1144 2808 1295 2860 rem
1361 2791 1696 2860 instituat.
1814 2787 2172 2878 Signrdus
2224 2789 2321 2855 si-

309 2888 630 2979 gnificat,
681 2910 770 2959 se
820 2889 894 2960 id
945 2892 1385 2985 potissimum
1442 2887 1725 2957 consilii
1778 2889 1982 2975 dare,
2035 2897 2113 2959 ut
2162 2890 2323 2982 ipse

311 2991 383 3058 ei
412 3010 714 3061 uxorem
746 2999 965 3083 petat,
1015 3012 1199 3083 qnae,
1250 2992 1314 3061 si
1360 2986 1724 3060 conciliari
1761 2992 2012 3082 possit,
2063 3009 2320 3083 magno

311 3091 383 3158 ei
454 3100 868 3161 ornamento
938 3092 1035 3161 sit
1102 3089 1354 3161 futura.
1469 3088 1941 3183 Interroganti
2007 3087 2321 3175 Palneri,

309 3187 434 3261 ubi
482 3189 644 3261 talis
708 3189 967 3262 femina
1027 3192 1502 3276 inveniretur,
1567 3189 1966 3284 Signrdns:
2044 3194 2116 3260 in
2170 3188 2322 3260 Go-

310 3289 525 3361 thiam
566 3290 961 3384 profectus„
1012 3293 1256 3386 inquit,
1309 3291 1802 3385 lngibjargam,
1873 3288 2142 3362 Ottaris
2192 3289 2322 3379 dy-

309 3399 535 3462 nastae
585 3390 826 3478 filiam,
895 3412 1191 3464 uxorem
1259 3394 1383 3465 tibi
1447 3403 1703 3485 petam.
1820 3391 1985 3461 Non
2038 3390 2321 3484 quidem

314 3490 594 3578 dubito,
661 3494 887 3586 inquit
931 3491 1238 3579 Palner,
1304 3498 1367 3565 si
1437 3494 1568 3565 bac
1620 3492 2022 3565 conditione
2074 3493 2324 3584 potiar,

312 3596 481 3686 quin
535 3614 622 3663 ea
673 3614 797 3664 res
846 3592 1216 3687 plurimum
1272 3598 1366 3665 sit
1424 3594 1514 3664 ad
1567 3593 1940 3665 levandum
1999 3592 2325 3663 dolorem

313 3692 683 3780 collatura,
734 3697 872 3765 sed
907 3715 1194 3779 vereor,
1246 3703 1325 3764 ut
1350 3697 1558 3786 potiri
1605 3694 1737 3766 bac
1765 3693 2026 3764 femina
2052 3712 2324 3787 queam.

310 3790 545 3865 Finito
596 3798 707 3866 sic
749 3793 1112 3890 colloquio
1148 3792 1511 3887 Sigurdus
1543 3797 1681 3865 iter
1708 3802 2090 3887 comparat,
2116 3812 2322 3861 unam

309 3890 588 3967 babens
638 3915 915 3982 navem,
964 3898 1337 3990 sexaginta
1389 3895 1563 3966 viris
1613 3896 2056 3977 instructam,
2126 3889 2323 3960 dela-

314 4004 575 4090 tusque
643 3998 715 4066 in
779 3996 1109 4068 Gothiam
1175 3996 1264 4068 ab
1332 3993 1586 4067 Ottare
1652 3994 1951 4085 dynasta
2012 3992 2323 4083 benigne

314 4098 694 4191 excipitur,
742 4100 1232 4192 protinusque,
1284 4118 1500 4171 causa
1549 4094 1904 4167 adventus
1952 4095 2065 4166 sui
2096 4112 2322 4189 expo-
