2950 4684
570 296 740 386 114
876 413 883 416 -
1077 321 1174 368 nn
1221 320 1532 370 rizans
1576 320 2056 372 somnumve.
2378 320 2587 384 0,43,

568 504 926 580 calvitium
977 503 1235 578 ictibus
1286 508 1641 600 opposuit.
1741 502 1934 591 Sed,
1993 506 2591 599 quemadmodum

568 607 927 701 proditum
977 610 1342 678 memoriae
1394 614 1551 691 est,
1618 609 1779 678 sive
1831 604 2114 698 gladios
2163 610 2325 678 sive
2376 627 2591 680 secu·

567 730 695 782 res
763 712 836 778 in
900 716 1112 801 caput
1180 708 1338 799 ejus
1394 710 1908 792 incussissent,
1986 706 2138 777 tela
2199 730 2243 778 a
2305 705 2591 794 calvitio

572 808 827 880 Aslaki
877 828 1310 900 repercussa
1360 816 1567 892 sunt,
1621 807 1859 900 quod,
1905 806 2102 878 ferro
2154 806 2592 893 inviolabile,

573 910 662 1006 a⁶d
717 911 902 980 ictus
956 906 1323 1001 pulverem
1379 906 1771 978 exhalabat.
1891 906 2124 997 Quem
2179 930 2337 982 cum
2390 907 2592 980 vide-

573 1019 737 1084 rent
786 1030 1043 1101 magno
1095 1031 1252 1079 cum
1302 1010 1607 1101 impetu,
1677 1008 2010 1102 quicquid
2078 1009 2326 1079 facere
2377 1029 2592 1079 cona-

574 1120 847 1194 rentur,
897 1117 1380 1202 proruentem,
1431 1105 1826 1203 [nihiloque
1863 1107 2143 1180 secius¹
2200 1130 2334 1201 per
2361 1112 2594 1180 omnia

577 1221 1048 1305 grassantem,
1077 1212 1262 1281 ictus
1283 1208 1609 1295 crebros,
1645 1230 1881 1294 acres,
1913 1211 2244 1301 iugentes
2273 1210 2362 1280 ab
2393 1218 2593 1279 utro·

579 1332 719 1408 que
788 1309 1018 1380 latere
1097 1309 1560 1395 inferentem,
1642 1307 2192 1403 compluresque
2259 1307 2595 1382 homines

577 1419 1050 1485 sternentem:
1103 1410 1178 1481 id
1223 1410 1506 1480 consilii
1554 1413 1843 1503 cepisse
1899 1409 2154 1481 dicitur
2175 1409 2440 1502 Vigfus
2465 1408 2594 1483 Vi-

578 1511 891 1606 gaglumi
942 1508 1154 1598 lilius,
1203 1518 1283 1581 ut
1332 1512 1692 1602 ingentem
1733 1513 2088 1604 arriperet
2116 1512 2445 1582 incudem
2478 1532 2596 1581 ro-

578 1621 889 1697 stratam,
966 1633 1127 1704 quae
1179 1612 1245 1679 in
1300 1632 1515 1703 prora
1567 1608 1919 1682 Barhonis
1970 1608 2250 1682 Ferrati
2302 1614 2373 1681 in
2425 1633 2595 1682 con·

577 1723 802 1785 strato
846 1711 1154 1804 jacebat,
1221 1711 1307 1781 ad
1365 1733 1571 1804 quam
1641 1713 1802 1804 ipse
1853 1711 2157 1784 laxatum
2210 1711 2398 1782 forte
2451 1711 2596 1782 cla-

579 1835 744 1886 vum
797 1810 1029 1906 capuli
1081 1810 1300 1904 gladii
1350 1814 1461 1881 sui
1515 1820 1721 1882 antea
1752 1813 2146 1884 accudcrat
2202 1812 2401 1884 Hanc
2425 1812 2597 1886 suh-

580 1914 788 1986 latam
855 1916 927 1982 in
1008 1922 1220 2006 caput
1278 1910 1536 1984 Aslaki
1602 1911 2024 1984 Holmskalli
2111 1916 2443 1998 incussit,
2526 1921 2602 1984 ut

580 2026 888 2087 rostrum
921 2014 1201 2086 incudis
1231 2017 1564 2085 continuo
1599 2013 2176 2104 demergeretur3
2207 2014 2397 2107 quod
2437 2036 2598 2084 cum

580 2114 707 2187 ille
736 2115 1119 2208 providere
1150 2136 1287 2185 non
1320 2124 1594 2207 posset,
1623 2112 1987 2208 extemplo
2015 2117 2378 2186 exanimus
2403 2114 2599 2185 deci·

583 2218 699 2287 dit.
800 2214 1081 2285 Interea
1113 2214 1319 2305 Vagn
1373 2214 1769 2284 secundum
1823 2214 2119 2286 alterum
2174 2217 2376 2288 navis
2416 2214 2600 2286 latus

582 2315 898 2399 vadens,
965 2312 1598 2385 vehementissimo
1651 2336 1806 2384 cum
1876 2317 2141 2408 impetu
2211 2324 2600 2408 grassatur,

582 2414 896 2509 gladium
963 2416 1312 2508 utrimque
1364 2413 1653 2484 vibrans
1717 2413 1954 2486 multis
2020 2415 2424 2487 hominibus
2472 2435 2599 2486 ne-

583 2537 738 2588 cem
792 2512 1024 2585 insert.
1144 2512 1361 2605 Quod
1414 2536 1572 2584 cnm
1625 2512 1869 2585 facere
1924 2526 2298 2608 pergeret,
2366 2514 2598 2588 Thor-

582 2616 823 2690 leivus
870 2612 1138 2686 Skuma
1188 2615 1543 2687 adversus
1596 2636 1754 2686 eum
1810 2620 2188 2710 procurrit,
2255 2617 2600 2711 clavaque

583 2718 921 2813 percutit3
977 2720 1092 2810 qui
1144 2719 1329 2788 ictus
1382 2726 1518 2787 tam
1558 2726 1708 2788 erat
1740 2720 2007 2808 graviS,
2055 2727 2155 2804 ut,
2207 2740 2365 2788 cum
2407 2741 2600 2790 sum·

585 2840 720 2892 mae
790 2815 1023 2910 galeae
1091 2818 1497 2904 accideret,
1578 2816 1948 2890 molliores
2016 2821 2267 2911 capitis
2333 2828 2601 2911 parte&

585 2940 747 3014 quae
813 2917 1033 3008 galea
1088 2918 1554 3010 tegebantur,
1633 2917 2085 2990 laederentur
2206 2918 2324 2988 Ad
2391 2940 2603 3012 quem

585 3023 798 3090 ictum
849 3016 1058 3108 Vagn
1105 3017 1439 3088 inclinato
1493 3039 1801 3110 corpore
1854 3041 2059 3112 paene
2127 3020 2218 3090 ad
2269 3018 2600 3091 Thorlei·

588 3139 752 3190 vum
807 3114 1054 3209 lapsus
1107 3125 1260 3202 est,
1327 3116 1574 3187 labans
1642 3139 1859 3202 vero,
1926 3142 2086 3189 cum
2139 3118 2600 3193 Thorleivum
2740 3107 2747 3113 ’

586 3216 826 3309 gladio
876 3219 1314 3310 appetiisset,
1368 3238 1410 3287 e
1465 3220 1781 3308 margine
1809 3216 2167 3292 Barbonis
2194 3218 2472 3292 Ferrati
2513 3243 2602 3293 se

588 3319 872 3413 dejecit,
923 3328 1264 3411 stansque
1314 3321 1387 3387 in
1437 3317 1693 3390 celoce
1745 3341 1874 3391 sua
1927 3341 2013 3392 se
2068 3324 2358 3416 excepit
2397 3323 2604 3416 pedi-

587 3419 761 3507 bu83
826 3439 1063 3512 neque
1120 3422 1485 3513 quisquam
1538 3422 1725 3491 inter
1775 3423 2320 3515 oppugnandum
2373 3424 2604 3498 acrio:-

588 3540 740 3592 rem
794 3518 1096 3591 dederat
1144 3521 1519 3614 impetum,
1589 3544 1790 3616 quam
1843 3522 1969 3593 ille
2041 3528 2299 3618 suique
2353 3544 2606 3595 omnes

588 3620 804 3691 modo
873 3620 1236 3694 dederant.
1369 3620 1586 3692 Adeo
1655 3634 1889 3694 autem
1954 3622 2078 3694 ille
2150 3633 2223 3694 et
2287 3622 2606 3716 Aslakus

586 3718 1102 3792 Holmskallius
1167 3718 1575 3793 Barhonem
1635 3720 2003 3793 Ferratum
2055 3726 2603 3817 propugnatori-

587 3821 726 3893 bus
778 3821 1148 3907 nudarant,
1212 3830 1291 3891 ut
1340 3822 1626 3893 Eirikus
1677 3842 1992 3893 necesse
2048 3844 2224 3895 esse
2279 3824 2605 3907 duceret,

589 3920 918 3993 homines
991 3941 1085 3991 ex
1138 3919 1298 3992 aliis
1362 3922 1662 3993 navibus
1732 3944 1822 3993 eo
1875 3943 2299 4008 arcessere,
2372 3923 2606 3995 donec

590 4020 807 4093 milite
858 4020 1073 4115 plene
1122 4024 1461 4093 instructa
1516 4025 1711 4095 navis
1756 4032 1995 4111 esset3
2048 4045 2190 4117 quo
2244 4023 2432 4095 facto
2476 4045 2604 4095 ve·

662 4150 709 4210 Ι)
741 4155 1030 4222 eodemque
1063 4167 1312 4222 tempore,
1356 4149 1416 4203 F.
