2950 4684
642 292 754 380 10
1141 323 1240 371 nn
1291 323 1604 372 munna
1644 323 2121 374 somnumve.
2471 323 2544 386 c.
2574 321 2638 386 3.

637 507 938 578 dederat
985 506 1258 598 regina,
1307 515 1388 577 ut
1432 526 1653 577 socer
1702 526 1790 577 ac
1839 527 2069 598 gener
2120 510 2413 601 primum
2465 529 2636 579 eon-

633 610 967 679 venirent
1016 616 1092 676 et
1142 608 1326 676 inter
1376 627 1462 677 se
1514 605 2124 700 colloquerentur,
2194 617 2481 702 tumque
2533 610 2638 678 vi-

637 708 932 791 derent,
994 728 1136 799 quo
1204 704 1369 777 loeo
1433 728 1558 778 res
1621 716 2049 778 versaretur.
2188 706 2349 779 Jam
2418 707 2638 799 legati

633 810 819 899 regii
869 807 960 876 ad
1013 806 1377 897 dynastam
1432 805 1650 878 delati
1701 808 2093 878 mandatum
2161 806 2636 901 regis'e'xpo·

632 917 826 993 nunt,
881 927 1021 1000 quo
1072 909 1358 997 cognito
1410 908 1736 999 dynasta,
1790 908 2242 1001 amplissimis
2287 911 2466 979 viris
2513 929 2639 978 eo·

633 1010 939 1092 mitatuS,
995 1009 1291 1079 maxima
1351 1007 1725 1079 celeritate
1791 1008 1879 1078 ad
1940 1028 2186 1100 regem
2248 1007 2637 1101 proficisci-

632 1123 767 1180 tur.
868 1107 1032 1178 Rex
1098 1127 1435 1178 socerum
1501 1110 1678 1179 satis
1736 1107 2017 1201 prolixe
2092 1111 2397 1201 excipit,
2470 1129 2639 1178 mox

631 1207 839 1278 ambo
889 1209 960 1275 in
1012 1209 1273 1277 curiam
1313 1208 1701 1296 secedunt3
1751 1230 1893 1303 quo
1921 1230 2080 1280 cum
2111 1212 2639 1300 pervenissent,

630 1328 763 1377 rex
817 1308 1182 1398 dynastam
1236 1309 1658 1399 interrogat·
1714 1331 1871 1402 quae
1925 1330 2139 1380 causa
2190 1308 2343 1395 fuit,
2393 1309 2638 1401 inquit,

630 1408 824 1502 quod
891 1410 1161 1500 saepius
1229 1410 1565 1480 invitatus
1630 1431 1672 1480 a
1743 1431 1855 1479 me
1918 1408 2198 1480 adfuisti
2264 1430 2637 1501 nunquam,

629 1529 889 1600 meque
937 1510 1165 1599 ipsum
1219 1507 1665 1602 oblatamque
1733 1511 2209 1580 conditionem
2275 1512 2369 1580 ita
2430 1529 2642 1601 spre-

628 1608 845 1679 visti?
967 1606 1100 1678 Cui
1155 1609 1453 1701 dynasta
1523 1611 1931 1702 respondit,
1998 1630 2083 1680 se
2146 1607 2286 1680 hoc
2357 1611 2637 1679 minime

629 1707 1079 1779 contumeliae
1132 1729 1353 1781 causa
1401 1710 1696 1794 fecisse,
1748 1711 1940 1803 quod
1988 1713 2257 1802 saepius
2304 1712 2635 1780 invitatus

627 1810 717 1881 ad
771 1811 1169 1880 convivium
1198 1833 1542 1904 nunquam
1570 1810 1945 1893 adfuisset,
1998 1812 2131 1880 sed
2168 1808 2345 1881 alias
2376 1830 2624 1880 acces-

627 1912 820 1981 sisse
876 1930 1161 1997 eausas3
1217 1911 1635 2005 dein,·quae
1688 1911 2016 1981 viderant
2067 1910 2423 2003 prodigia,
2471 1911 2631 2000 regi

629 2012 918 2095 nuntiat,
972 2009 1065 2080 de
1116 2010 1374 2103 quibus
1422 2033 1637 2104 supra
1703 2014 2197 2104 exposuimus3
2266 2020 2632 2103 postremo

628 2114 787 2201 regi
837 2131 925 2180 se
975 2112 1595 2204 interpretaturum
1648 2113 1982 2199 ostendit,
2035 2114 2101 2183 si
2137 2115 2328 2181 scire
2358 2120 2633 2194 averet,

631 2212 795 2305 quid
853 2231 1103 2300 magna
1164 2214 1297 2281 ista
1365 2222 1685 2303 portenta
1740 2212 2221 2303 significarent
2281 2222 2401 2280 aut
2467 2232 2631 2302 por-

629 2310 1026 2382 tenderent.
1171 2308 1552 2381 Annuente
1629 2331 1807 2401 rege
1874 2311 2173 2402 dynasta
2235 2308 2447 2379 fatur:
2538 2309 2631 2378 de

626 2408 886 2481 arbore
940 2409 1187 2478 dicere
1243 2410 1509 2495 ordiar,
1558 2408 1798 2504 quaml
1856 2408 2203 2481 viridibus
2247 2419 2323 2479 et
2349 2411 2632 2500 exiguis

626 2513 856 2604 pomis
923 2519 1244 2579 onustam
1312 2509 1651 2595 vidimus,
1730 2512 2035 2581 vetustis
2100 2519 2175 2581 et
2243 2509 2631 2601 grandibus

626 2612 854 2702 pomis
902 2607 1081 2678 infra
1124 2609 1557 2701 jacentibus;
1625 2612 1693 2682 id
1761 2611 1950 2703 quod
2020 2632 2271 2703 novam
2339 2608 2628 2700 religio-

625 2730 812 2795 nem,
866 2730 1025 2803 quae
1077 2707 1208 2781 has
1260 2713 1328 2780 in
1367 2720 1599 2783 terras
1627 2712 2142 2798 introducetur,
2193 2710 2628 2804 portendere

627 2814 990 2896 existimo,
1058 2833 1261 2904 quam
1314 2811 1771 2905 religionem,
1827 2821 2071 2905 utpote
2123 2813 2630 2903 augustiorem,

626 2911 874 3005 pulcra
927 2910 1047 2981 illa
1101 2934 1303 3004 poma
1348 2922 1922 3005 ·repraesentant;
2000 2932 2151 2982 eam
2216 2931 2392 2983 vero
2461 2908 2628 2981 reli-

626 3012 935 3103 gionem,
988 3033 1147 3103 quae
1199 3012 1289 3082 ad
1341 3010 1482 3082 hoe
1532 3023 1814 3104 tempus
1864 3011 2178 3098 invaluit,
2227 3028 2624 3102 repraesen-

627 3120 794 3198 tant,
846 3110 1092 3197 credo,
1145 3133 1349 3204 poma
1406 3120 1722 3199 vetusta3
1774 3132 1935 3204 quae
1973 3121 2053 3182 ut
2102 3115 2170 3182 in
2221 3110 2385 3182 solo
2428 3114 2627 3203 jace·

626 3210 825 3298 hant,
880 3212 1251 3303 putredini
1317 3211 1626 3283 obnoxia
1694 3220 1766 3280 et
1831 3214 1902 3280 in
1967 3211 2329 3304 pulverem
2394 3209 2627 3283 resol-

624 3313 880 3398 venda,
931 3314 1024 3382 ita
1075 3311 1235 3383 haee
1283 3312 1583 3404 religio,
1656 3311 1881 3383 altera
1951 3312 2069 3384 illa
2125 3322 2371 3383 ,terras
2421 3332 2628 3403 pera·-

627 3423 901 3505 grante,
937 3411 1359 3498 abolebitur,
1412 3414 1586 3483 etin
1615 3411 1904 3483 nihilum
1933 3413 2245 3497 redacta,
2296 3411 2627 3483 tenebra-

626 3533 779 3584 rum
831 3515 1052 3584 instar
1102 3513 1295 3584 luce·
1324 3511 1823 3606 dispulsarum,
1876 3517 2160 3584 omnino
2216 3520 2629 3583 evanescet.

625 3611 951 3683 Alterum
1006 3615 1398 3706 prodigium
1450 3613 1612 3700 fuit,
1682 3614 1872 3707 quod
1939 3613 2215 3685 catulos
2278 3614 2350 3681 in
2419 3622 2628 3683 utero

627 3735 875 3786 eanum
932 3712 1343 3785 feminarum
1408 3714 1752 3785 latrantes
1821 3714 2255 3800 audivimus3
2320 3711 2463 3783 hoe
2528 3715 2628 3783 si-

625 3813 940 3908 gnificari
991 3823 1161 3907 puto
1213 3812 1540 3886 homines
1592 3824 1752 3885 natu
1803 3816 2155 3897 minores,
2206 3816 2327 3908 qui
2381 3833 2468 3883 ea
2520 3820 2629 3881 te-

626 3919 947 3987 meritate
1000 3924 1229 4002 erunt,
1279 3926 1355 3987 ut
1403 3926 1565 3987 natu
1605 3913 1989 4005 majoribus
2018 3917 2160 3985 sint
2193 3911 2627 3998 oblocuturi3

629 4024 705 4085 et
764 4035 942 4086 vero
1008 4036 1346 4109 perquam
1413 4025 1528 4087 est
1574 4013 1842 4100 simile,
1908 4013 2162 4086 horum
2226 4012 2625 4083 auctoritati

701 4146 746 4212 ι)
781 4152 883 4204 σιὼ
915 4150 1142 4204 adultam
1180 4150 1429 4213 hiemem.
1466 4146 1595 4203 aad.
1631 4147 1703 4209 Β.
