2950 4684
611 326 721 414 14
1112 352 1209 400 nn
1256 351 1568 400 manns
1609 350 2086 399 somnusmus·
2441 346 2513 408 6.
2542 348 2605 409 5.

604 548 734 622 rat,
784 555 1312 629 peroransque,
1361 544 1711 606 mortuum
1771 537 1912 627 jam
1977 552 2154 605 esse
2201 532 2436 604 album
2488 555 2606 604 ae-

606 640 948 730 cipitrem,
998 634 1366 727 signifieat.
1468 634 1752 726 Quibus
1804 637 2036 720 dictis,
2089 656 2294 728 quam
2351 637 2608 705 citissi-

606 759 722 810 me
750 736 947 807 foras
982 757 1068 807 se
1120 738 1437 829 proripit,
1489 746 1925 829 matremque
1976 737 2228 805 iterum
2257 738 2610 806 convenit.

606 839 774 931 Quo
825 858 1004 908 vero
1058 846 1404 906 nocturno
1457 836 1769 927 hospitio
1837 839 1995 928 ipse
2048 856 2133 905 ae
2187 834 2446 905 milites
2499 836 2611 917 usi

604 940 906 1022 fuerint,
969 940 1331 1008 memoriae
1395 957 1537 1006 non
1590 935 1934 1029 proditum
1994 943 2126 1005 est.
2256 935 2421 1005 Rex
2471 934 2610 1022 bis,

606 1061 766 1135 quae
818 1046 1231 1108 narraverat
1279 1035 1499 1122 filius,
1565 1045 1890 1129 quantum
1948 1034 2339 1106 observare
2392 1034 2611 1121 licuit,

605 1141 907 1212 animum
938 1158 1077 1206 non
1128 1136 1453 1227 advertit,
1503 1137 1663 1222 sed,
1713 1158 1873 1208 cum
1926 1135 2254 1231 quamdiu
2283 1135 2613 1206 libuisset

605 1234 884 1332 poculis
934 1235 1371 1321 indulsisset,
1420 1235 1726 1308 cubitum
1757 1239 1900 1309 ivit.
1998 1235 2407 1330 insequenti
2429 1257 2611 1307 vero

605 1345 843 1422 nocte,
895 1358 1054 1406 cum
1108 1335 1433 1407 homines
1486 1336 1733 1408 relicta
1784 1337 1945 1407 aula
1997 1335 2303 1407 cubitum
2358 1357 2611 1407 seces-

604 1441 914 1521 sissent,
975 1434 1245 1530 Thyria
1309 1440 1597 1530 regina,
1680 1440 1835 1508 suis
1904 1436 2306 1523 advocatiS,
2380 1439 2615 1510 omnia

605 1537 788 1611 aulae
856 1540 1351 1631 peristromata
1419 1536 1697 1608 detrahi
1750 1540 1998 1629 Jnssit‚
2080 1559 2374 1632 quorum
2443 1537 2609 1609 loco

606 1637 850 1736 [livida
914 1637 1119 1731 (atra)
1189 1634 1453 1708 aulaeal
1525 1640 1801 1709 curavit
1867 1638 2305 1724 inducenda,
2376 1639 2608 1709 donec

606 1738 768 1810 aula
844 1741 1125 1831 penitus
1192 1736 1425 1809 velata
1498 1747 1718 1809 esset.
1832 1738 1937 1808 Ea
2008 1738 2099 1809 de
2168 1760 2385 1810 causa
2453 1737 2610 1809 baec

604 1837 804 1925 fecit,
854 1839 1043 1931 quod
1097 1839 1171 1908 id
1221 1841 1564 1930 temporis
1607 1839 2050 1931 prudentium
2083 1842 2395 1911 virorum
2428 1860 2608 1932 prae-

606 1941 835 2032 ceptis
885 1948 1160 2009 cautum
1214 1937 1367 2024 fuit,
1418 1942 1484 2009 si
1535 1960 1660 2009 res
1705 1937 2053 2031 lugubres
2103 1938 2395 2010 auribus
2424 1961 2608 2009 mor-

608 2038 847 2112 talium
916 2040 1387 2125 accidisseut,
1470 2060 1564 2109 ne
1630 2043 1787 2133 quis
1850 2039 2094 2110 verbis
2157 2038 2610 2132 significaret,

606 2140 740 2211 sed
793 2143 889 2211 ita
942 2139 1249 2227 faceret,
1286 2143 1384 2210 uti
1438 2161 1527 2210 ea
1576 2150 1743 2211 tunc
1786 2140 1942 2210 fieri
1986 2143 2317 2232 jusserat.
2421 2139 2610 2211 Gor·

608 2259 765 2309 mus
817 2240 1246 2329 grandaevus
1299 2243 1672 2332 sequentis
1723 2240 1865 2309 diei
1918 2261 2118 2308 mane
2171 2238 2410 2309 cubitu
2450 2260 2609 2309 sur·

606 2341 819 2422 rexit,
871 2338 962 2409 ad
1016 2337 1270 2408 solium
1322 2341 1657 2424 accessit,
1708 2338 1946 2432 ibique
1998 2339 2365 2423 consedit,
2417 2359 2610 2409 com-

604 2440 1035 2532 potationem
1085 2440 1594 2531 auspicaturus.
1695 2438 1946 2509 Aulam
1999 2458 2180 2509 vero
2214 2441 2610 2531 ingressus,

609 2560 769 2610 cum
835 2558 968 2631 per
1041 2540 1511 2629 pavimentum
1587 2541 2182 2631 progrederetur,
2266 2542 2610 2632 inspeetis

606 2636 791 2709 aulae
843 2638 1227 2732 parietibus
1280 2660 1366 2709 ac
1412 2637 1777 2731 stragulis,
1827 2662 1916 2710 se
1965 2643 2036 2710 in
2089 2639 2310 2731 solio,
2359 2650 2440 2711 ut
2487 2661 2609 2709 an-

609 2749 726 2810 tea
777 2741 1155 2832 attigimus,
1207 2738 1604 2810 collocavit.
1706 2738 1976 2833 Thyria
2038 2743 2107 2810 in
2141 2738 2384 2823 altera
2427 2741 2611 2811 sede

609 2842 937 2933 primaria
988 2850 1062 2911 et
1110 2840 1295 2911 solio
1340 2843 1536 2933 juxta
1602 2860 1848 2933 regem
1917 2839 2306 2912 adsidebat.
2424 2840 2611 2925 Rex,

610 2939 899 3011 silentio
949 2949 1182 3031 rupto,
1237 2941 1522 3012 locutus
1577 2949 1721 3011 est:
1771 2952 1895 3012 tuo
1949 2941 2134 3013 baud
2192 2941 2405 3013 dubie
2442 2962 2608 3011 cou-

609 3041 800 3125 silio,
849 3037 1156 3129 Thyria,
1206 3040 1461 3110 factum
1519 3049 1668 3125 est,
1718 3044 1967 3134 inquit,
2020 3042 2211 3135 quod
2263 3041 2418 3113 aula
2471 3040 2612 3111 boc

610 3141 824 3211 modo
868 3140 1135 3210 ,vestita
1190 3149 1320 3210 est.
1437 3138 1668 3230 Quam
1721 3140 1815 3211 ob
1868 3162 2015 3211 rem
2069 3141 2193 3211 tibi
2264 3142 2404 3212 hoc
2452 3144 2609 3212 veri

608 3239 910 3312 similius
965 3259 1137 3309 esse
1187 3240 1496 3326 videtur,
1551 3241 1887 3313 domine?
1938 3244 2159 3336 inquit
2184 3264 2289 3313 ea.
2391 3239 2610 3336 [Quia

611 3340 753 3410 boe
806 3340 1041 3425 modo,
1092 3341 1314 3435 iuquit
1343 3361 1500 3426 rex,
1550 3341 1950 3432 significare
1986 3342 2149 3413 mibi
2198 3347 2311 3414 vis
2338 3343 2607 3412 caedem

609 3440 830 3511 Knuti
879 3440 1001 3513 filii
1052 3444 1209 3512 mei.
1313 3440 1410 3510 At
1458 3462 1637 3512 vero
1688 3451 1766 3513 tu
1815 3443 1976 3513 mihi
2023 3446 2161 3535 jam
2189 3464 2457 3528 narraS,
2505 3444 2610 3537 iu-

612 3542 761 3634 quit
825 3538 1131 3634 regina2.
1275 3540 1418 3612 Ubi
1500 3539 1655 3611 haee
1719 3541 1913 3638 loqui
1996 3552 2395 3636 coeperant,
2473 3563 2609 3612 rex

610 3638 926 3713 Gormus
976 3641 1164 3712 solio
1217 3652 1662 3731 surrexerat3
1733 3643 1846 3715 his
1907 3652 2137 3714 autem
2207 3643 2415 3713 dictis
2467 3664 2609 3713 ma-

605 3743 747 3833 jori
802 3764 956 3813 cum
1013 3745 1171 3814 nisu
1222 3743 1562 3828 resedit,
1603 3743 1938 3837 nulloque
2005 3745 2200 3815 edito
2251 3763 2609 3837 responso

611 3842 703 3912 ad
753 3846 1094 3936 parietem
1146 3842 1332 3914 aulae
1382 3863 1469 3913 se
1521 3843 1891 3916 reclinavit
1944 3854 2017 3914 et
2067 3847 2386 3916 animam·
2415 3844 2610 3914 effla-

610 3943 727 4011 vit.
828 3944 1012 4014 Mox
1061 3942 1274 4013 funus
1325 3946 1598 4034 regium
1649 3944 1816 4013 inde
1867 3943 2169 4016 ablatum
2227 3956 2301 4016 et
2350 3946 2436 4015 ad
2490 3963 2609 4015 se-

684 4066 730 4135 1)
765 4071 887 4125 atri·
924 4072 1045 4126 vella
1083 4088 1134 4126 et
1168 4072 1347 4144 griseis
1385 4071 1601 4143 pannis,
1637 4070 1699 4125 F.
1801 4072 1847 4137 2)
1887 4093 2001 4147 quae
2048 4078 2113 4129 ab
2151 4075 2299 4147 signo
2337 4090 2457 4129 mm
2491 4095 2610 4128 cum

609 4160 840 4215 omiserit
871 4166 936 4221 A,
954 4186 1032 4219 ·cx
1072 4163 1124 4216 F
1151 4167 1383 4219 demuma
1420 4179 1554 4218 sunt.
2247 4162 2254 4171 ⁴
