2950 4684
578 276 763 366 m
1118 293 1484 346 nis-rona
1535 290 2056 340 xum-umnam.
2273 283 2347 345 c.
2372 275 2595 344 26421

585 484 1000 561 existimas?
1100 476 1511 573 Eyviudusx
1565 475 1819 547 offerte
1874 478 1943 545 ei
1996 473 2320 565 dynastae
2372 471 2597 563 digni-

583 602 837 674 tatem,
904 586 1180 676 adjecta
1246 580 1611 674 provincia
1663 573 2037 661 selandia,
2105 594 2251 668 quo
2304 571 2601 643 accedat

586 691 889 764 omnium
956 686 1344 779 principum
1418 677 1787 748 Danornm
1844 674 2372 769 jusjurandum,
2437 672 2598 744 fore

588 804 662 865 ut
708 788 1016 872 KnutuS,
1069 787 1135 856 si
1185 780 1382 851 fratri
1422 777 1738 849 Haraldo
1787 778 2225 870 supervivat,
2276 795 2411 843 rex
2459 772 2601 859 fiat,

587 896 991 988 quicunque
1046 906 1140 955 ex
1190 883 1458 952 ceteris
1510 881 1708 970 regis
1736 875 2030 948 Sveinis
2067 874 2231 945 filiis
2280 883 2426 944 tum
2478 896 2602 944 sn-

584 993 926 1088 perstites
990 978 1306 1056 fuerintl.
1418 979 1781 1071 Dynasta:
1864 977 2150 1048 Knutus
2225 972 2400 1044 nihil
2466 975 2603 1044 nisi

588 1113 726 1164 rex
782 1108 955 1160 esse
1004 1084 1222 1157 volet.
1320 1080 1729 1171 Eyvindns:
1793 1077 1982 1151 haud
2044 1078 2215 1146 sciri
2266 1078 2605 1165 inexper-

588 1206 732 1265 tum
763 1195 1035 1283 potest3
1088 1204 1254 1275 ego,
1302 1177 1407 1251 si2
1435 1178 1675 1264 vultiS,
1725 1181 1977 1249 iterum
2009 1174 2318 1248 Knutum
2367 1174 2603 1260 adibo,

590 1294 724 1364 has
774 1287 1227 1360 conditiones
1277 1283 1797 1373 propositurus.
1900 1277 2067 1368 Quo
2134 1276 2224 1346 ab
2281 1273 2610 1345 omnibus

590 1391 918 1487 probato,
947 1383 1321 1478 Eyvindus
1349 1380 1438 1450 ad
1469 1377 1778 1452 Kuutum
1816 1377 2302 1472 proficiscitur.
2371 1374 2609 1465 Quem

593 1515 749 1566 cnm
803 1494 876 1560 in
925 1506 1109 1558 nave
1156 1483 1432 1554 versari
1471 1483 1847 1573 reperiret,
1902 1500 2061 1550 eum
2090 1477 2362 1562 adienS,
2416 1496 2607 1546 man-

594 1596 755 1665 data
837 1587 1187 1680 exposuit.
1309 1580 1596 1651 Knutus
1680 1580 1952 1651 tardius
2033 1576 2444 1670 respondit3
2531 1584 2612 1646 ut

593 1706 827 1766 autem
879 1687 1076 1780 loqui
1127 1683 1413 1775 incepit,
1462 1684 1575 1751 sic
1626 1701 1842 1751 orsus
1877 1687 2024 1750 est:
2079 1677 2360 1770 eligam,
2414 1675 2612 1770 quod

591 1793 799 1865 vobis
861 1787 1271 1879 abjectioris
1338 1783 1547 1851 animi
1610 1779 1797 1851 forte
1861 1780 2225 1864 videatur3
2295 1778 2385 1847 ad
2454 1795 2609 1846 eam

595 1896 834 1989 potius
883 1887 1362 1960 conditionem
1418 1880 1889 1966 descendam,
1957 1888 2035 1950 ut
2089 1881 2296 1969 regio
2349 1878 2612 1947 nomini
2661 1942 2678 1949 -

595 1995 1015 2075 renuntiem,
1067 2006 1271 2079 quam
1322 1991 1401 2055 ut
1452 1982 1545 2051 dc
1598 1983 1990 2074 principatu
2021 2000 2179 2050 cum
2220 1977 2441 2048 fratre
2471 1975 2611 2046 Ha-

599 2093 802 2166 raldo
858 2092 1264 2171 decertem,
1332 2102 1630 2176 remque
1681 2081 1825 2152 Dei
1874 2080 2161 2151 arbitrio
2217 2079 2614 2148 decernen-

602 2196 759 2265 dam
818 2192 1232 2284 permittam.
1351 2181 1486 2253 His
1551 2181 1793 2267 dictis,
1859 2181 2273 2274 Eyvindus,
2311 2177 2613 2247 ‘manum

598 2294 818 2364 Knuti
870 2287 1273 2369 osculatus,
1344 2281 1525 2352 hanc
1576 2281 1664 2352 ab
1722 2302 1814 2351 eo
1868 2284 2264 2374 pactionem
2315 2279 2617 2370 accepit,

599 2395 1020 2483 veniamque
1066 2385 1497 2477 impetravit,
1548 2403 1700 2452 rem
1741 2384 1853 2452 sic
1885 2390 2308 2456 transactam
2357 2379 2446 2448 ad
2499 2399 2616 2448 rc·-

604 2514 767 2585 gem
821 2487 1206 2561 Haraldum
1260 2482 1653 2554 deferendi.
1777 2480 1964 2573 Quae
2015 2480 2394 2554 transactio
2448 2499 2618 2549 con-

602 2595 796 2667 fecta
846 2600 921 2662 et
960 2587 1380 2683 juramentis
1428 2586 1702 2655 sancita
1755 2592 1885 2654 est.

1165 2682 1431 2757 Obitus
1474 2687 1680 2779 regis
1736 2682 2071 2754 Haraldi.

800 2788 931 2882 272
1017 2789 1182 2860 Rex
1213 2785 1569 2858 Hal-aldus
1595 2782 1887 2856 Sveinis
1941 2783 2130 2854 iilius
2182 2781 2418 2866 modo,
2473 2799 2618 2873 qun

607 2897 865 2967 dictum
918 2901 1057 2976 est,
1108 2891 1376 2981 regiam
1431 2886 1840 2977 dignitatem
1894 2887 1962 2955 in
2002 2883 2233 2954 Dania
2284 2889 2451 2975 post
2499 2901 2619 2971 pa·

608 3004 789 3065 trem
841 2993 1151 3082 accepit3
1221 2997 1363 3058 tum
1416 3006 1706 3080 quoque
1756 2985 2039 3055 Knutus
2089 2981 2382 3055 Svcinis
2433 2978 2621 3050 filius

609 3094 910 3186 dynasta
939 3085 1302 3158 Selandiae
1356 3086 1589 3157 sactus
1645 3095 1776 3156 est„
1862 3083 2185 3176 Quorum
2238 3082 2622 3154 transactio

611 3204 686 3265 et
751 3189 1381 3280 consanguinitatis
1455 3186 1985 3271 necessitudo,
2042 3185 2205 3256 dum
2270 3184 2625 3265 vixerunt,

608 3298 886 3386 integra
947 3291 1218 3360 mansit.
1314 3284 1559 3358 Ceteri
1624 3306 1803 3357 vero
1870 3289 2071 3379 regis
2121 3283 2415 3356 Sveinis
2479 3278 2624 3364 filii,

610 3398 727 3491 qui
774 3390 1013 3465 nullas
1063 3391 1272 3481 regni
1321 3383 1764 3480 provincias³
1808 3384 2391 3459 administrandas
2443 3378 2623 3451 obti-

611 3506 930 3578 nuerant,
983 3500 1185 3563 sorte
1234 3510 1365 3561 sua
1416 3487 1603 3557 male
1642 3492 1953 3561 contenti
1990 3496 2226 3574 erant3
2277 3483 2469 3555 unde
2521 3482 2625 3550 iu·

613 3605 874 3688 gentes
922 3595 995 3663 in
1046 3593 1354 3678 civitate*
1382 3588 1609 3661 turbae
1653 3591 2063 3674 extiterunt,
2114 3598 2195 3658 ut
2232 3589 2629 3678 sequentes

615 3716 877 3768 versus
927 3701 1308 3764 testantur:

950 3792 1384 3870 Meditamur
1434 3811 1760 3862 carmen:

950 3892 1215 3964 bellum
1268 3894 1337 3962 in
1387 3892 1619 3963 Dania
1670 3888 1945 3981 gliscit,

689 4036 737 4101 ¹)
773 4059 803 4091 a
836 4033 867 4108 [
902 4038 1068 4091 omitt.
1103 4038 1163 4104 S,
1185 4035 1316 4097 KG,
1328 4035 1398 4089 E.
1469 4033 1522 4100 ²)
1542 4031 1830 4106 propositas
1869 4050 1898 4084 a
1935 4050 2019 4082 me
2055 4024 2375 4081 conditiones
2409 4026 2630 4104 probaro

620 4130 738 4182 add.
782 4128 837 4195 S,
867 4127 998 4195 KG,
1016 4131 1083 4179 Ea
1180 4129 1226 4194 ⁸)
1264 4128 1346 4181 hie
1385 4126 1583 4196 explicit
1617 4126 1686 4175 E.
