2950 4684
622 313 789 401 144
1124 339 1221 388 nn
1274 338 1585 408 mna-ns
1632 339 2111 390 rousteinus.
2299 337 2376 402 c.
2407 335 2631 408 4349,
2691 294 2698 298 ⁸

618 529 689 596 in
736 522 973 594 fidem.
1090 520 1285 593 Dein
1347 520 1437 592 ab
1507 518 1808 594 Hakone
1875 520 2176 612 dynasta
2242 530 2320 592 et
2379 522 2634 596 Eiriko

617 626 1071 697 constitutum
1127 631 1262 706 est,
1313 631 1393 692 ut
1418 619 1643 712 Bjorn
1665 618 2117 693 Britannicus
2167 641 2253 692 se
2304 623 2396 692 ad
2447 644 2632 714 prae-

618 725 832 809 dium,
883 722 1076 816 quod
1127 720 1474 792 Halsteini
1507 719 2093 813 Kellingarbanio
2145 720 2402 808 fuerat,
2454 744 2627 794 con-

617 824 861 895 ferret.
960 820 1245 893 Praeter
1285 819 1726 892 Halsteinem
1773 823 2079 913 quinque
2132 824 2300 907 viri,
2370 821 2630 913 praefe-

618 921 1262 1013 ctorumdignitate
1293 924 1547 1006 ornati,
1600 921 1964 992 cecidisse
2000 921 2345 992 dicuntur.
2424 920 2631 1013 Vagn

612 1023 783 1094 Akii
836 1022 1060 1107 filius,
1102 1025 1312 1113 jussu
1366 1020 1618 1105 Eiriki,
1671 1022 2018 1091 orientem
2070 1041 2333 1091 versus
2383 1023 2451 1090 in
2504 1021 2628 1091 Vi·
2735 1111 2744 1118 ⁶

614 1123 774 1194 kam
825 1121 1193 1215 profectus
1248 1129 1401 1206 est3
1470 1140 1680 1211 quem
1756 1120 2269 1211 digredientem
2335 1120 2630 1194 Eirikus

613 1222 992 1305 allocutuS‚
1058 1223 1417 1311 negotium
1490 1219 1583 1288 de
1665 1222 1926 1312 nuptiis
2000 1241 2157 1292 cum
2225 1218 2628 1312 lngibjarga

611 1319 1001 1392 Thorkelis
1051 1317 1194 1389 filia
1245 1340 1342 1389 ex
1376 1321 1685 1411 proprio
1734 1318 2023 1389 arbitrio
2063 1339 2421 1411 peragere
2467 1323 2621 1410 jus-

613 1424 725 1493 sit.
828 1420 1059 1512 Vagu,
1108 1428 1187 1489 ut
1235 1422 1307 1488 in
1357 1418 1609 1489 Vikam
1664 1421 2025 1511 pervenit,
2079 1419 2338 1490 eodem
2389 1423 2623 1492 statim

612 1540 925 1612 vespere
978 1521 1044 1589 in
1082 1518 1277 1590 lecto
1318 1540 1475 1590 cum
1502 1517 1926 1611 Ingihjarga,
1976 1515 2363 1590 Thorkelis
2384 1515 2625 1590 Leirae

612 1619 777 1706 filia,
828 1617 1177 1704 accubat,
1223 1617 1631 1711 ibidemque
1701 1617 1841 1689 loci
1896 1618 2195 1688 hiemem
2258 1621 2621 1711 transigit3

612 1741 788 1792 vere
841 1720 1165 1811 proxime
1195 1720 1597 1812 insequenti
1631 1705 1957 1802 discedit,
2011 1721 2408 1812 omniaque,
2459 1740 2623 1811 quae

610 1818 968 1914 pollicitus
1017 1817 1264 1894 Eiriko
1317 1817 1584 1902 suerat,
1654 1838 1810 1888 cum
1877 1816 2017 1888 fide
2071 1813 2430 1910 praestitit3
2475 1839 2617 1912 „re-

612 1939 872 1990 versus
948 1921 1020 1988 in
1084 1916 1379 1988 Daniam
1457 1917 1548 1988 ad
1625 1918 1891 2009 praedia
1958 1939 2090 1988 sua
2169 1920 2239 1987 in
2303 1915 2620 1989 Fioniam

612 2018 983 2104 concedit,
1066 2017 1325 2109 quibus
1387 2015 1607 2109 longo
1694 2016 1858 2088 dein
1925 2027 2248 2108 tempore
2311 2017 2616 2110 praefuit,

613 2138 1028 2211 summaque
1096 2119 1378 2189 virtutis
1443 2116 1675 2209 gloria
1739 2119 2042 2188 omnium
2086 2116 2351 2207 judicio
2404 2116 2620 2190 incla-

613 2220 782 2304 ruit3
849 2239 891 2287 a
943 2237 1083 2310 quo
1153 2215 1562 2309 complures
1629 2216 2040 2307 amplissimi
2088 2218 2240 2286 viri·
2274 2219 2617 2309 originem

615 2317 897 2387 ducunt.
995 2314 1277 2386 Dicitur
1302 2316 1508 2407 Vagn
1535 2314 2002 2406 lngibjargam
2039 2335 2288 2386 secum
2334 2317 2617 2388 domum

608 2416 1014 2486 reduxisse.
1115 2412 1341 2504 Bjorn
1389 2412 1842 2486 Britannicus
1895 2415 2176 2488 domum
2228 2419 2299 2487 in
2338 2414 2615 2488 Britan·

612 2517 794 2585 niam
846 2514 1096 2599 rediit,
1162 2517 1373 2608 eique
1424 2534 1695 2606 regno,
1760 2515 1993 2608 quoad
2043 2517 2253 2602 vixit,
2318 2515 2621 2608 praefuit,

611 2624 821 2708 atque
873 2616 986 2684 vir
1032 2612 1462 2686 fortissimus
1515 2612 1797 2686 habitus
1850 2612 2021 2686 estl.

809 2712 931 2786 49.
1029 2712 1191 2784 Jam
1247 2714 1339 2784 de
1392 2712 1766 2807 Sigvaldio
1828 2714 2268 2785 narrandum.
2367 2710 2477 2797 Is,
2542 2721 2621 2782 ut

612 2834 703 2886 ex
755 2813 1007 2907 proelio
1061 2813 1513 2906 profugerat,
1575 2813 1664 2886 ab
1730 2817 1983 2885 itinere
2039 2834 2180 2883 non
2232 2814 2433 2905 prius
2489 2812 2614 2881 de-

608 2916 815 2998 stitit,
860 2935 1063 3005 quam
1096 2914 1373 2986 domum
1411 2918 1482 2983 in
1507 2913 1806 2985 Daniam
1836 2915 2266 3007 perveniret.
2342 2911 2619 2984 Aderat

612 3014 800 3082 domi
851 3009 1167 3097 Astrida,
1219 3035 1403 3087 uxor
1452 3034 1609 3106 sua,
1667 3035 1825 3108 quae
1878 3015 2254 3084 venientes
2307 3014 2617 3103 excepit,

610 3114 1001 3202 maritoque
1070 3112 1321 3184 reduci
1385 3115 1781 3184 convivium
1846 3115 2227 3205 apparavit.
2325 3110 2440 3179 llli
2492 3131 2617 3181 res

607 3213 683 3281 in
735 3208 985 3303 proelio
1039 3219 1286 3298 gestas
1338 3221 1704 3305 totumque
1758 3213 2075 3284 ordinem
2118 3211 2617 3303 expeditioniS,

611 3331 707 3384 ex
758 3330 898 3403 quo
952 3313 1196 3402 piratae
1244 3310 1641 3399 Jomenses
1694 3313 1904 3383 domo
1960 3332 2000 3381 e
2030 3310 2261 3381 Dania
2313 3309 2618 3402 profecti

611 3420 835 3494 erant,
907 3421 1309 3501 exponunt,
1379 3433 1667 3505 quarum
1736 3433 1973 3482 rerum
2042 3412 2616 3483 commemoratio

506 3512 516 3525 '
607 3530 924 3599 magnam
979 3508 1412 3601 voluptatem
1449 3512 1900 3582 audientibus
1928 3510 2246 3603 praebuit.
2325 3506 2619 3593 Ferunt,

605 3607 1001 3692 Astridam,
1093 3631 1252 3701 quae
1332 3611 1701 3702 dynastam
1788 3609 2230 3702 Sigvaldium
2313 3611 2618 3679 omnium

606 3727 844 3778 rerum
943 3718 1279 3798 apparatu
1364 3731 1569 3801 quam
1668 3710 2194 3781 studiosissime
2275 3711 2618 3798 excipere

604 3804 864 3892 vellet,
918 3814 993 3876 et
1045 3807 1471 3894 ostendere,
1522 3822 1779 3901 quanto
1833 3828 2058 3899 opere
2109 3808 2347 3879 reditu
2395 3807 2619 3874 mariti

605 3904 992 3992 laetaretur,
1044 3901 1400 4000 lavacrum
1454 3912 1523 3977 ei
1577 3906 1956 4001 parandum
2011 3924 2325 3976 curasse.
2427 3902 2619 3971 Dein

677 4056 724 4120 ¹)
758 4057 943 4110 Inserit
979 4059 1086 4109 hd.
1112 4057 1166 4109 F
1193 4059 1388 4129 aliquid
1427 4062 1492 4114 de
1523 4061 1815 4133 Sigmundo
1840 4059 2089 4114 Bresteris
2127 4059 2255 4122 filio,
2290 4055 2437 4127 cujus
2473 4076 2624 4109 men-

604 4147 796 4199 tionem
836 4168 952 4200 cum
976 4148 1107 4202 cod.
1130 4152 1178 4200 A
1214 4171 1481 4223 nunquam
1520 4150 1683 4216 saciat,
1721 4153 1831 4208 baec
1867 4154 1967 4208 boc
1995 4155 2113 4210 loco
2132 4149 2473 4225 praetcrmissa
2491 4162 2626 4204 sunt·
