2950 4684
619 284 799 376 w
1142 304 1521 356 mronn
1574 303 2094 354 :normanum
2314 302 2392 366 ο,
2414 299 2640 372 4349.

623 496 929 590 quisque
974 493 1262 586 gravius
1308 492 1381 562 in
1428 508 1596 564 eum
1645 484 1980 583 deliquit,
2043 507 2138 561 eo
2181 488 2437 580 majori
2487 486 2639 564 cle-

624 597 885 669 mentia
932 595 1036 665 uti
1087 590 1315 679 solet3
1369 600 1444 664 et
1494 610 1631 662 nos
1657 609 1944 683 quoque
1984 597 2296 660 vestram
2327 607 2641 677 causam,

623 704 955 793 quantum
1012 695 1404 788 poterimus
1414 742 1437 778 ,
1516 687 2175 783 interpretabimur,
2251 691 2317 760 si
2368 693 2639 764 nostris

624 791 1219 869 admonitionibus
1269 790 1577 885 obsequi
1611 788 1873 861 velitis.
1971 788 2072 860 Ut
2105 788 2312 860 finem
2351 791 2638 863 dicendi

622 896 903 970 fecerat
948 892 1225 979 Toiius,
1275 889 1615 963 Tbordns
1642 888 1952 962 Skorius
1983 891 2302 983 excepit:
2353 894 2638 963 viriste

613 1000 757 1092 jam
811 994 932 1068 diu
982 992 1197 1066 multa
1247 991 1510 1078 verba,
1563 1010 1793 1086 eaque
1844 988 2026 1062 salsa
2079 988 2464 1084 pleraque,
2525 995 2637 1085 ja·

622 1099 869 1183 otavit3
920 1094 1038 1166 bic
1069 1115 1150 1164 re
1180 1112 1356 1165 vera
1408 1091 1759 1185 deceptor
1807 1099 1948 1177 cst,
1997 1093 2205 1183 cujus
2257 1091 2506 1163 verbis
2555 1090 2636 1163 fi-

622 1197 788 1271 dem
839 1215 933 1266 ne
983 1191 1403 1284 adhibeatiS,
1451 1194 1716 1286 quippe
1768 1194 1889 1285 qui
1938 1189 2369 1263 subornatus
2395 1189 2486 1264 ab
2511 1213 2634 1264 re-

621 1318 742 1391 ge,
793 1304 871 1366 ut
919 1313 1203 1367 causam
1254 1296 1417 1386 eius
1457 1303 1645 1386 agat,
1695 1290 1908 1362 fidem
1938 1290 2176 1364 talium
2207 1312 2445 1366 rerum
2474 1292 2637 1366 aliis

620 1419 708 1471 se
760 1396 1006 1470 facere
1058 1414 1279 1489 posse
1332 1396 1623 1486 cogitet.
1724 1390 1953 1483 Quam
1982 1390 2074 1463 ob
2103 1413 2249 1462 rem
2283 1391 2421 1479 bis,
2474 1415 2636 1489 quae

618 1500 988 1593 proponit,
1066 1497 1367 1566 animum
1435 1492 1613 1564 nulli
1673 1493 2160 1565 advertamus!
2237 1492 2375 1565 Hic
2422 1518 2637 1589 quum

619 1596 819 1686 multi
869 1596 1286 1680 faterentur,
1335 1591 1617 1665 Tolium
1670 1592 1860 1664 bene
1913 1591 2135 1665 verba
2184 1593 2459 1668 secisse
2504 1618 2633 1667 ve-

619 1718 841 1793 raque
894 1717 1066 1768 esse
1117 1694 1452 1781 locutum,
1503 1692 1892 1787 verbisque
1945 1696 2104 1785 ejus
2136 1692 2630 1792 obtemperan-

620 1799 808 1884 dum,
863 1807 937 1869 et
985 1799 1054 1867 in
1107 1798 1399 1890 gratiam
1452 1816 1611 1866 cum
1664 1815 1845 1886 rege
1871 1794 2346 1867 redeundum:
2399 1794 2632 1868 Thor-

621 1900 760 1973 dus
811 1907 1126 1992 creptam
1184 1916 1227 1967 e
1280 1917 1489 1967 manu
1538 1895 1956 1967 adstantium
2008 1893 2309 1987 alicujus
2361 1896 2635 1972 hastam

619 2003 695 2074 in
742 2002 1024 2085 turrim,
1088 2018 1232 2092 quo
1284 1996 1449 2069 loco
1499 1994 1751 2069 Tolius
1803 1999 2240 2082 constiterat,
2292 1997 2631 2091 subjecit3

618 2125 778 2197 quae
828 2100 1064 2172 madio
1116 2100 1400 2192 corpori
1448 2096 1700 2191 illapsa
1730 2107 2025 2168 mortem
2066 2095 2324 2167 bomini
2355 2109 2629 2172 extem·

617 2200 741 2294 plo
808 2201 1211 2286 facessivit3
1289 2200 1362 2267 in
1412 2207 1573 2291 quo'
1619 2219 1946 2289 magnum
2000 2196 2322 2271 damnum
2372 2199 2629 2273 factum

622 2320 819 2387 esse,
871 2297 1285 2393 complures
1325 2298 1749 2388 judicarunt.

1222 2396 1347 2470 De
1405 2396 1689 2469 Thordo
1738 2393 2029 2470 Skoria

816 2497 938 2571 49.
1041 2495 1227 2570 Post
1276 2496 1434 2569 baec
1482 2496 1823 2570 Thordus
1883 2520 1970 2570 ac
2034 2494 2255 2570 Tolar
2302 2500 2412 2571 irc
2464 2523 2627 2595 per-

617 2610 1002 2685 rexerunt,
1055 2599 1290 2671 donec
1337 2597 1917 2685 Saevarendium,
1947 2598 2087 2670 nbi
2140 2601 2473 2674 convivio
2523 2606 2628 2673 in-

618 2700 966 2775 terfuerat
1015 2721 1149 2771 rex
1199 2698 1510 2788 Knntns,
1564 2709 2061 2794 pervenerunt.
2168 2697 2301 2770 Hic
2331 2701 2628 2796 opulen-

618 2814 766 2875 tum
819 2813 974 2875 erat
1024 2801 1363 2895 praedium
1415 2805 1735 2895 regium,
1810 2821 1852 2871 a
1905 2809 2370 2894 procuratore
2422 2807 2628 2896 regis

618 2903 1191 2976 administratum.
1293 2898 1846 2974 Procuratorem
1898 2898 2343 2990 interficiunt,
2396 2906 2632 2976 omnia

616 3001 805 3073 bona
857 3003 1219 3094 diripiunt3
1271 3002 1594 3088 audiunt,
1666 3022 1914 3094 regem
1960 2999 2315 3087 Knutnm,
2382 3026 2627 3097 parum

617 3104 1043 3186 comitatum,
1094 3104 1674 3193 septemtrionem
1701 3121 1963 3174 versus
2012 3105 2084 3173 in
2107 3098 2423 3175 Fioniam
2464 3125 2626 3198 pro-

617 3202 900 3276 fectum.
1033 3201 1288 3272 Missis
1356 3205 1619 3273 nuntiis
1680 3202 1769 3274 ad
1840 3205 2206 3297 proximos
2268 3207 2628 3298 principes

617 3313 1097 3400 potentesque
1148 3299 1474 3389 colonos,
1526 3303 1955 3396 significant,
2008 3325 2215 3399 quem
2267 3306 2341 3375 in
2390 3304 2627 3377 locum

617 3406 799 3478 ratio
852 3402 1059 3496 hujus
1112 3402 1393 3476 consilii
1446 3405 1753 3477 deducta
1804 3413 2029 3493 essct,
2079 3404 2486 3493 hortantes,
2552 3416 2630 3478 nt

616 3515 1066 3598 acceptarum
1128 3526 1178 3575 a
1244 3524 1423 3597 rege
1487 3503 1729 3579 Knuto
1797 3507 2198 3599 injuriarum
2267 3527 2627 3580 memores

619 3614 886 3680 essent.
989 3605 1265 3678 Omnes
1315 3626 1571 3699 magno
1623 3627 1850 3699 opere
1903 3605 2368 3695 mirabantur,
2443 3606 2628 3679 tales

616 3703 979 3792 homines,
1042 3704 1233 3777 nulla
1283 3728 1488 3801 paene
1542 3728 1623 3778 re
1674 3710 2030 3797 insignes,
2079 3728 2234 3778 rem
2284 3709 2471 3779 adeo
2522 3710 2627 3778 in·

618 3816 905 3900 gentem
957 3827 1376 3898 aggressos.
1480 3805 1691 3879 Nunc
1743 3809 2005 3892 evenit,
2059 3807 2151 3882 de
2205 3829 2343 3900 qua
2395 3827 2629 3877 resu-

615 3929 746 4003 pra
794 3909 1131 4001 scriptum
1186 3916 1322 3994 est,
1374 3906 1635 3978 multos
1686 3907 2046 3999 principes
2108 3923 2334 3998 grave
2386 3905 2630 3993 odium

615 4010 691 4082 in
739 4028 992 4100 regem
1040 4004 1350 4080 Knutum
1400 4008 1868 4099 concepisse3
1934 4027 2090 4080 nam
2142 4028 2356 4100 quum
2412 4026 2626 4080 exer·

616 4108 770 4179 ceri
818 4105 910 4194 ab
962 4127 1056 4182 eo
1096 4110 1223 4200 jus
1270 4127 1413 4198 non
1462 4114 1916 4202 paterentur,
1988 4105 2131 4183 boc
2180 4106 2347 4186 solo
2395 4106 2626 4186 ferma
