2950 4684
590 302 771 393 810
1132 327 1499 380 amona
1555 326 2073 376 nuri-anun.
2402 321 2478 386 c,
2503 318 2610 387 97,

599 521 755 585 erat
790 511 1166 585 coalumna
1215 510 1467 603 Magni
1517 506 1826 580 Robusti
1876 510 2077 601 regis
2117 508 2264 598 tilii,
2320 515 2442 604 qui
2475 533 2606 584 ve-

592 612 837 685 xillum
892 617 1052 706 eJus
1079 610 1421 705 portabat.
1521 609 1655 680 llic
1685 611 1923 701 igitur,
1950 614 2097 681 acri
2128 621 2384 683 exorto
2415 635 2604 706 p-roe-

595 711 732 801 iio,
794 736 919 787 res
971 713 1183 786 valde
1234 708 1738 783 memorabiles
1785 710 2238 798 acciderunt,
2315 717 2454 785 etsi
2508 714 2604 786 de

591 835 770 887 casu
818 815 1157 887 nobilium
1218 816 1530 883 virorum
1596 832 1837 904 parum
1890 822 2327 904 compertum
2381 813 2603 886 habe-

590 936 808 987 amus.
929 915 1009 987 ln
1060 917 1217 986 acie
1267 911 1551 984 Nicolai
1604 913 1801 1004 regis
1850 932 1986 982 sex
2039 914 2357 1008 episcopi
2409 918 2604 987 ceci-

592 1015 868 1088 derunt.
969 1015 1326 1108 Sigurdus
1375 1012 1748 1084 Robustus
1800 1011 2099 1083 adsidue
2128 1035 2216 1084 se
2250 1013 2602 1103 hostibus,

589 1138 724 1209 qua
778 1116 1407 1188 vehementissima
1473 1115 1907 1206 oppugnatio
1977 1111 2225 1199 fiebat,
2309 1115 2602 1209 objecit,

588 1224 917 1310 tantaque
969 1216 1262 1287 andacia
1313 1235 1465 1285 rem
1521 1215 1776 1304 gessit,
1825 1222 1903 1282 ut
1944 1216 2102 1305 ejus
2129 1221 2604 1309 propugnatio

588 1313 921 1397 laudibus
974 1315 1160 1387 elata
1209 1317 1319 1386 sit.
1418 1314 1588 1385 Rex
1638 1310 1984 1384 Nicolaus
2021 1313 2399 1408 aliquanto,
2451 1316 2601 1390 levi

587 1427 847 1504 tamen,
899 1416 1200 1489 vulnere
1252 1418 1324 1485 in
1372 1413 1627 1508 proelio
1679 1416 1973 1485 saueius
2021 1413 2219 1507 sngae·
2265 1437 2355 1487 se
2404 1439 2597 1489 man-

588 1517 812 1606 davit3
862 1521 1173 1612 itemque
1227 1514 1582 1587 Haraldus
1630 1512 1878 1598 Kesia,
1930 1516 2048 1607 qui
2098 1539 2307 1610 quum
2344 1538 2597 1610 regem

585 1617 826 1710 fugam
896 1638 1287 1712 capessere
1355 1619 1656 1688 animum
1709 1615 2160 1703 adverteret,
2233 1618 2602 1711 extempio

585 1717 864 1792 relictis
916 1717 1285 1790 ordinibus
1335 1737 1511 1789 sese
1566 1716 1888 1809 abripuit.
1993 1714 2160 1807 Quo
2213 1716 2401 1790 sacto
2433 1719 2593 1791 Ma-

587 1840 774 1912 gnus
826 1829 899 1891 et
963 1819 1320 1890 Henricus
1373 1817 1690 1889 Claudus
1755 1838 1912 1888 cum
1980 1816 2300 1912 reliquiis
2354 1823 2592 1914 copia·

586 1940 742 1991 rum
798 1941 1095 2015 pugnam
1164 1928 1640 2014 exceperunt3
1717 1927 1905 1988 tanta
1971 1939 2153 1989 vero
2216 1922 2593 2013 impressio

582 2023 657 2091 in
707 2024 914 2115 signa
975 2023 1519 2115 Magnianorum
1575 2019 1759 2091 facta
1814 2026 1966 2103 est,
2049 2028 2128 2090 ut
2186 2027 2334 2093 tota
2395 2024 2594 2094 acies

582 2122 927 2195 fluctuare
978 2125 1345 2216 inciperet.
1444 2123 1804 2214 MagnuS,
1854 2119 2143 2191 indutus
2194 2119 2418 2192 lorica
2466 2145 2590 2194 an-

533 2221 769 2294 ·nulis
819 2232 1175 2309 conserta,
1228 2247 1388 2317 qnae
1443 2242 1720 2293 omnem
1774 2223 1914 2291 vim
1968 2220 2139 2291 ferri
2179 2222 2592 2316 respuebat,

581 2344 834 2415 magna
885 2324 1296 2394 fortitudine
1364 2345 1515 2393 rem
1579 2321 1919 2413 gerebat,
2005 2319 2324 2394 hortatus
2387 2346 2593 2411 suos,

580 2432 661 2494 ut
709 2432 1004 2495 strenue
1037 2426 1499 2509 resisterent,
1551 2444 1692 2492 neu
1744 2432 1949 2515 terga
1999 2431 2388 2494 verterent.
2489 2423 2593 2497 Ut

579 2545 760 2596 vero
814 2522 1173 2615 Sigurdus
1200 2523 1573 2597 Robustus
1597 2525 2111 2608 animadvertit,
2142 2526 2368 2596 aciem
2398 2528 2593 2597 circa

581 2626 787 2717 signa
839 2625 1222 2717 Magniana
1274 2646 1691 2711 rarescere,
1768 2623 2220 2715 intelligens,
2293 2647 2447 2696 rem
2516 2628 2588 2696 in

579 2729 859 2821 ancipiti
918 2726 1327 2798 discrimine
1382 2729 1694 2812 versari,
1765 2725 2049 2817 abjecto
2101 2726 2373 2797 vexillo
2423 2727 2586 2798 Ma-

579 2849 868 2923 gnoque
919 2830 989 2897 in
1042 2830 1269 2899 sinum
1324 2838 1656 2922 recepto,
1737 2827 1828 2896 ad
1892 2847 2113 2897 naves
2178 2848 2264 2897 se
2316 2830 2591 2921 recepit

580 2948 853 3022 easque
921 2929 1416 2999 conscendere
1469 2930 1826 3019 cogitavit.
1958 2926 2126 3017 Quo
2194 2939 2586 3021 conspecto

575 3027 914 3099 Eirikiani
972 3049 1133 3098 eum
1185 3028 1576 3120 fugientem
1632 3027 1990 3121 extemplo
2042 3029 2344 3099 insecuti
2397 3038 2588 3115 suut,

576 3127 993 3219 fugientium
1064 3129 1320 3199 eodem
1393 3140 1750 3201 momento
1817 3128 2124 3200 omnium
2165 3129 2585 3221 Magniano·

574 3249 727 3299 rum
784 3231 1111 3320 vestigiis
1164 3227 1619 3301 inhaerentes.
1756 3228 1826 3299 A
1889 3228 2146 3324 quibus
2213 3229 2584 3302 interclusi

573 3328 877 3400 navibus
928 3328 1286 3422 Sigurdus
1340 3339 1416 3401 et
1477 3331 1791 3423 Magnus
1841 3333 2172 3423 impetum
2236 3351 2583 3423 superve-

496 3486 501 3491 .
573 3432 912 3502 nientium
981 3435 1326 3526 excipere
1378 3435 1606 3504 coacti
1672 3440 1855 3506 sunt.
1995 3429 2583 3520 Redintegratum

577 3551 670 3602 eo
723 3530 888 3602 loco
940 3532 1261 3626 proelium
1318 3555 1478 3604 eum
1535 3533 1778 3605 habuit
1823 3535 2109 3617 exitum,
2160 3541 2238 3601 ut
2264 3529 2584 3624 Magnus

572 3652 660 3703 ac
712 3630 1073 3723 Sigurdus
1124 3638 1402 3728 utrique
1457 3635 1834 3719 caderent,
1914 3632 2351 3727 plurimaque
2407 3632 2582 3703 mili·

570 3742 716 3803 tum
771 3755 958 3827 pars,
1013 3757 1172 3828 quae
1224 3747 1473 3806 secuta
1531 3756 1663 3806 eos
1715 3736 1968 3818 fuerat,
2023 3732 2438 3827 quibusdam
2482 3733 2583 3805 fa·

573 3833 838 3905 cultate
893 3834 1050 3906 data
1119 3835 1670 3926 aufugientibus».
1772 3833 2003 3926 Regis
2068 3832 2347 3905 Nicolai
2420 3835 2580 3906 Ma-

572 3936 874 4029 gnique,
954 3934 1078 4005 filii
1132 3939 1324 4028 eJus,
1406 3935 1694 4008 militum
1750 3956 1999 4026 magna
2056 3936 2242 4007 edita
2294 3944 2582 4026 strages

569 4030 895 4106 Fotvikae
951 4044 1097 4125 est3
1181 4034 1320 4107 hoc
1374 4039 1559 4108 enim
1623 4036 1786 4107 loco
1849 4033 2206 4107 Henricus
2261 4034 2580 4106 Claudus

570 4152 1013 4230 magnusque
1065 4157 1441 4231 procerum
1495 4158 1855 4224 numeruS‚
1914 4140 2015 4210 uti
2064 4146 2270 4209 antea
2318 4137 2579 4208 dictum
