2950 4684
574 299 751 391 m
1114 325 1484 379 nto-reim
1535 326 2053 375 unumunurm.
2295 324 2302 332 ’
2380 321 2594 391 απ,

578 509 724 584 filio
788 522 953 583 natu
1019 514 1319 584 maximo
1372 510 1883 596 deferentium,
1947 509 2116 602 quid
2184 516 2327 580 rex⁴
2365 504 2593 578 Svein

582 632 668 683 ea
739 612 831 682 de
899 610 1183 683 loeutus
1244 613 1537 697 fuisset,
1626 609 1890 704 quidve
1958 612 2094 702 ipsi
2164 612 2233 679 ei
2298 605 2592 702 polliciti

578 710 922 798 fuissent,
1005 716 1211 805 pensi
1289 734 1434 783 non
1503 710 1871 781 habentes.
1988 707 2308 795 KnutuS,
2392 710 2593 799 regis

579 809 870 884 Sveinis
920 807 1130 898 filins,
1181 809 1422 883 antea1
1463 814 1819 905 piraticam
1875 818 2304 881 exercuerat
2351 811 2424 877 in
2474 829 2590 877 re-

579 910 914 1002 gionibus
967 913 1465 999 orientalibus,
1535 930 2003 1003 magnumque
2056 908 2302 980 habuit
2353 910 2591 1000 copia-

576 1032 730 1082 rum
762 1034 1132 1084 numerum
1174 1013 1571 1107 bonamque
1619 1012 1893 1081 navium
1922 1008 2347 1083 facultatem.
2426 1008 2591 1078 Me-

579 1121 808 1183 morat
857 1116 926 1182 in
980 1116 1288 1182 carmine
1334 1132 1469 1183 suo
1497 1109 1773 1183 Kalvus
1802 1112 2023 1182 Manii
2073 1108 2284 1195 filius,
2339 1108 2592 1178 decem

576 1211 877 1302 regulos
937 1234 976 1281 a
1029 1211 1271 1283 Knuto
1339 1214 1698 1305 piraticam
1751 1214 1826 1279 in
1885 1208 2300 1302 regionibus
2356 1203 2592 1280 orien-

576 1308 837 1382 talibus
901 1311 1208 1384 faciente
1261 1322 1663 1405 superatos.
1766 1309 1926 1381 Jam
1991 1319 2294 1404 uterque
2346 1308 2593 1394 frater,

576 1407 861 1482 Knutus
915 1422 987 1482 et
1035 1411 1396 1483 Haraldus
1446 1415 1515 1481 in
1552 1412 1816 1482 Jotiam
1872 1409 2176 1504 profecti
2226 1418 2421 1494 sunt3
2476 1408 2593 1479 bic

581 1513 761 1580 enim
835 1509 1008 1582 rex²
1076 1516 1146 1582 in
1212 1514 1516 1584 comitiis
1566 1509 2185 1604 Vebjargensibus
2236 1509 2591 1581 creandus

578 1620 750 1682 erat.
853 1611 1011 1683 Huc
1062 1633 1312 1703 magua
1341 1615 1778 1683 convenerat
1809 1612 2163 1682 hominum
2195 1609 2590 1681 multitudo.

576 1707 947 1781 Ordinatis
1013 1717 1354 1798 comitiis,
1440 1733 1607 1783 cum
1669 1713 2136 1784 advenissent
2209 1712 2592 1804 principeS,

576 1832 873 1903 quorum
924 1835 1013 1883 eo
1068 1815 1417 1884 adventus
1448 1822 2011 1905 exspectaretur,
2062 1812 2244 1883 alius
2299 1831 2395 1879 ex
2446 1810 2587 1880 alio

574 1910 797 1983 verba
845 1913 1090 1985 facere
1142 1914 1440 2007 incepit3
1494 1914 1709 1999 unde,
1729 1917 1877 1985 ‘cui
1931 1915 2235 2006 quisque
2281 1910 2590 1996 faveret,

576 2011 980 2120 adparebat.
1096 2014 1255 2086 Hoc
1318 2013 1562 2085 facere
1633 2034 1768 2107 per
1835 2024 2054 2086 totum
2135 2011 2324 2082 bunc
2400 2011 2588 2080 diein

575 2117 808 2207 usque
862 2116 950 2186 ad
1007 2126 1283 2186 noctem
1347 2124 1944 2207 perseverarunt,
2013 2134 2096 2183 re
2154 2132 2302 2181 non
2362 2114 2590 2202 magis

578 2235 781 2305 quam
850 2224 1013 2286 ante
1081 2216 1174 2285 ad
1246 2219 1511 2286 exitum
1581 2216 1948 2307 perducta
2060 2211 2376 2283 Postero
2447 2212 2590 2298 die,

576 2333 736 2382 eum
804 2324 1092 2385 ventum
1162 2315 1234 2384 in
1300 2313 1588 2385 comitia
1650 2323 1891 2401 esset,
1978 2317 2251 2406 virique
2321 2312 2592 2404 aliquot

574 2412 798 2485 verba
836 2413 1223 2500 fecissent,
1274 2418 1592 2485 surrexit
1642 2413 1899 2508 aliquis
1952 2435 1995 2484 e
2040 2414 2262 2506 globo
2287 2412 2589 2484 colono-

575 2532 769 2600 rum,
840 2526 915 2585 et
978 2514 1166 2587 hunc
1230 2518 1302 2585 in
1370 2514 1650 2587 modum
1705 2514 1930 2586 verba
1981 2513 2183 2584 fecitz
2251 2536 2388 2585 nos
2436 2510 2589 2582 Joti

566 2614 707 2705 jam
775 2615 893 2686 diu
961 2625 1387 2708 potestatem
1450 2618 1651 2708 regis
1698 2614 2062 2702 Danorum
2126 2617 2402 2707 imperii
2458 2611 2587 2681 eli·-

575 2716 794 2804 gendi
846 2720 1329 2803 exercuimus,
1381 2716 1808 2808 fortunaque
1852 2717 2070 2803 dedit,
2120 2725 2200 2787 ut
2239 2736 2377 2784 nos
2400 2713 2589 2783 Dani

573 2812 782 2887 bonis
834 2838 1126 2910 semper
1177 2818 1475 2910 regibus
1517 2821 1630 2888 usi
1670 2815 2033 2887 fuerimus,
2110 2814 2380 2886 Et-ille
2431 2835 2589 2902 rex,

575 2937 782 3007 quem
838 2923 1161 3010 proxime
1198 2917 1593 3003 babuimuS,
1645 2916 1994 3003 omnibus,
2047 2938 2206 3011 quae
2259 2917 2418 3007 regi
2471 2936 2587 2985 or·

574 3025 902 3085 namento
953 3026 1139 3103 sunt,
1189 3017 1570 3088 virtutibus
1625 3026 1780 3087 erat
1824 3026 2135 3103 ornatuS,
2188 3026 2264 3088 et
2312 3015 2590 3087 fortitu-

578 3113 741 3184 dine
809 3118 1016 3184 animi
1087 3125 1161 3185 et
1223 3117 1312 3186 ad
1376 3126 1633 3187 terram
1704 3116 2033 3187 tuendam
2094 3120 2203 3187 rei
2268 3117 2592 3187 militaris

572 3216 865 3306 peritia3
917 3225 1162 3287 nostra
1215 3218 1397 3287 enim
1432 3226 1623 3287 terra
1652 3217 2178 3290 incursionibus
2209 3221 2587 3311 piratarum

573 3314 784 3385 valde
859 3314 1165 3387 obnoxia
1238 3326 1366 3387 est.
1486 3314 1698 3409 Rege
1764 3316 1971 3387 nobis
2042 3340 2225 3412 opus
2297 3327 2448 3403 est,
2515 3319 2589 3385 in

570 3415 842 3507 proeliis
869 3419 1152 3505 virtute,
1205 3420 1457 3510 peritia
1488 3417 1793 3488 ducendi
1821 3421 2207 3505 exercituS,
2243 3417 2588 3510 regendae

573 3517 913 3602 civitatis,
966 3519 1430 3589 curandarum
1486 3516 1750 3611 legum,
1802 3529 2007 3590 antea
2062 3529 2399 3612 experte,
2470 3520 2589 3611 qni

571 3617 1045 3708 imperatoriae
1111 3617 1281 3689 artis
1351 3626 1424 3689 et
1486 3618 1797 3691 indolem
1868 3629 1941 3690 et
2015 3641 2223 3690 usum
2308 3617 2587 3690 habeat.

571 3711 853 3807 Regem
919 3737 1091 3787 esse
1159 3718 1373 3789 decet
1440 3740 1571 3790 ore
1643 3716 1989 3803 diserto³,
2060 3722 2330 3810 ingenii
2396 3718 2588 3800 bene

575 3819 982 3910 compositi,
1037 3827 1119 3889 et
1159 3829 1393 3890 tamen
1432 3821 1780 3912 justarum
1834 3838 2197 3911 poenarum
2245 3838 2586 3890 severum

575 3927 1012 4002 exactorem,
1065 3921 1387 4009 pecuniis
1441 3917 1842 3988 liberalem:
1896 3939 2050 3987 nam
2089 3940 2244 3988 cum
2277 3915 2587 3988 amultis

645 4054 693 4122 ¹)
727 4057 1063 4130 aliquamdiu,
1097 4058 1159 4119 S,
1183 4056 1395 4123 V,c‚115‚
1466 4054 1516 4121 ²)
1552 4077 1580 4109 a
1618 4055 1801 4121 nauis,
1837 4058 1962 4114 add.
2000 4056 2057 4119 S,
2081 4054 2136 4123 V,
2160 4055 2222 4110 G.
2297 4054 2344 4122 ⁸)
2382 4056 2586 4128 imperii

574 4148 890 4220 diligentem,
925 4147 1049 4202 add.
1088 4149 1149 4215 S,
1170 4147 1377 4215 KGAE.
1453 4170 1459 4176 ²
2493 4151 2496 4154 ’
