2950 4684
540 274 709 361 1oe
1044 296 1142 342 nn
1198 293 1510 342 emam
1552 290 2030 340 aemulans.
2343 287 2424 351 c,
2448 284 2556 352 46,

539 483 805 552 missus
861 475 1114 569 aliquis
1178 473 1344 546 hinc
1396 495 1492 545 ex
1544 494 1730 546 nave
1780 474 1875 546 ad
1929 491 2066 550 vos
2116 471 2556 565 praecedenti

538 587 752 650 nocte
803 580 874 648 in
927 587 1190 648 terram
1238 577 1458 661 venit,
1509 596 1598 646 an
1652 575 1839 645 non?
1928 572 2144 643 Venit
2194 593 2397 658 vero,
2449 575 2553 642 in-

534 682 825 773 quiunt,
909 685 1079 747 tune
1141 678 1305 768 ejus
1374 678 1487 746 rei
1548 683 1801 745 auctor
1867 673 2108 744 fuisti?
2207 671 2379 743 Non
2442 682 2557 743 cst

542 799 671 849 cur
707 775 988 861 infitier,
1040 797 1154 845 me
1188 778 1497 860 misisse,
1548 775 1793 867 inquit,
1845 774 2050 845 eccui
2080 781 2315 844 autem
2342 793 2556 843 noxae

540 876 675 949 fuit
734 877 1070 948 accidens
1144 876 1452 967 sagitta?
1564 873 1710 944 lui:
1757 884 2077 961 ‘mortem
2148 870 2360 956 obiit,
2445 874 2560 942 cni

544 976 817 1048 accidit.
931 975 1182 1068 Euge,
1259 977 1518 1067 inquit,
1602 976 1720 1044 cui
1778 994 1957 1044 vero
2018 968 2236 1043 telum
2301 971 2562 1041 accidit

546 1076 862 1148 homini?
964 1074 1406 1146 Gudhrando
1438 1072 1664 1157 Albo,
1715 1076 2054 1165 inquiunt.
2151 1070 2319 1141 llle:
2372 1071 2560 1141 adeo

548 1197 692 1246 non
744 1174 943 1244 dedit
992 1174 1293 1258 fortuna,
1345 1174 1539 1266 quod
1592 1182 1901 1265 optaram
1936 1174 2263 1255 maxime,
2317 1173 2561 1262 iuquit,

544 1274 831 1347 scilicet
856 1274 1226 1364 dynastam
1257 1274 1742 1363 designaram3
1795 1275 2078 1343 interim
2102 1269 2292 1340 hene
2322 1268 2561 1355 habet,

547 1374 741 1468 quod
793 1393 1189 1465 percussus
1240 1384 1355 1443 est
1402 1371 1686 1465 aliquis,
1739 1374 1806 1441 in
1861 1393 2003 1464 quo
2057 1371 2379 1441 damnum
2433 1368 2561 1440 ali

546 1473 743 1566 quod
792 1472 1052 1544 factum
1096 1494 1270 1544 esse
1291 1473 1654 1564 Judicetis.
1753 1471 2052 1542 Minime
2073 1469 2565 1558 haesitandum,

550 1575 774 1666 inquit
821 1561 1146 1644 Thorkel
1194 1569 1449 1658 Leira‚
1500 1570 2004 1642 interficiamus
2051 1591 2300 1642 canem
2349 1573 2562 1640 istum

549 1694 758 1766 quam
825 1675 1204 1760 citissime3
1275 1694 1417 1766 quo
1462 1673 1654 1742 dicto
1724 1692 1885 1742 eum
1953 1667 2194 1763 gladio
2261 1673 2565 1762 appetit3
2650 1751 2655 1758 ‚

548 1772 1060 1867 extemploque
1138 1782 1519 1844 aecurrunt
1584 1768 1741 1857 alii,
1819 1768 1965 1843 tela
2047 1773 2122 1841 ei
2197 1773 2564 1854 intentant,

555 1892 964 1966 corpusque
1045 1875 1351 1944 minutim
1438 1872 1858 1955 concidunt,
1961 1872 2194 1942 donec
2270 1872 2562 1941 animam

557 1971 839 2045 efflavit.
938 1971 1052 2044 Ex
1101 1975 1389 2044 vivente
1443 1971 1678 2044 adhuc
1728 1972 1823 2042 de
1875 1974 2158 2043 nomine
2211 1971 2565 2062 quaesive-

554 2083 735 2158 rant,
784 2071 1040 2165 quibus
1088 2072 1212 2144 illc
1261 2093 1464 2158 vere,
1513 2074 1671 2166 quis
1722 2081 1948 2157 esset,
1992 2071 2289 2143 dixerat.
2367 2068 2568 2154 Inde,

558 2172 672 2244 his
723 2171 1075 2243 confectis
1122 2171 1384 2257 rebus,
1435 2173 1526 2242 ad
1579 2181 1839 2243 terram
1889 2174 2194 2256 revecti3
2245 2170 2568 2261 dynastae

560 2272 1073 2356 demonstrant,
1123 2293 1329 2364 quem
1375 2271 1934 2355 interfecissent,
1989 2270 2178 2343 hunc
2225 2291 2368 2340 non
2419 2290 2566 2339 me·-

562 2372 828 2440 diocris
881 2391 1052 2440 esse
1104 2373 1547 2441 immanitatis
1600 2372 1862 2455 dieunt,
1913 2371 2131 2464 idque
2183 2368 2419 2441 solum
2474 2391 2569 2438 ex
2636 2407 2645 2414 ·

560 2470 809 2542 verbis
861 2471 1021 2562 ejus
1072 2492 1158 2541 se
1209 2469 1662 2541 intellexisse
1713 2469 2089 2556 affirmant,
2153 2492 2314 2540 eum
2378 2466 2569 2540 haud

562 2568 839 2640 meliori
894 2590 1063 2640 esse
1132 2573 1441 2663 ingenio.
1541 2568 1729 2642 Post
1793 2569 1951 2642 haec
2017 2592 2175 2641 eum
2242 2568 2569 2640 homines

562 2669 775 2743 valde
828 2667 1090 2742 multos
1143 2674 1215 2741 in
1264 2669 1569 2763 scopulo
1624 2680 1999 2742 versantes
2040 2670 2569 2742 animadvertis-

428 2781 443 2788 “
562 2782 759 2857 sent,
808 2768 947 2841 hos
1001 2770 1302 2863 dynasta
1353 2792 1607 2842 omnes
1656 2769 2165 2864 comprehendi
2218 2779 2292 2840 et
2340 2770 2432 2839 ad
2483 2788 2571 2838 se

563 2870 814 2944 reduci
872 2868 1115 2962 Juhet,
1189 2875 1311 2962 jus
1375 2874 1544 2942 vitae
1610 2891 1856 2942 eorum
1923 2892 2060 2941 sno
2124 2869 2415 2941 arbitrio
2483 2889 2570 2939 se

564 2968 976 3042 relicturum
1029 2970 1319 3041 adserit.
1418 2969 1666 3063 Itaque
1703 2970 1962 3044 milites
2001 2970 2348 3062 dynastae,
2401 2990 2572 3040 con-

567 3088 832 3140 scensa
860 3070 1019 3138 navi
1060 3068 1315 3162 aliqua,
1366 3070 1457 3139 ad
1484 3067 1859 3162 scopulum
1887 3073 2254 3163 remigant.
2317 3069 2434 3140 Ex
2465 3070 2573 3140 eis

567 3169 688 3262 qui
753 3166 870 3238 hic
935 3167 1404 3239 versabantur
1473 3167 1874 3244 hominihus
1941 3181 2015 3242 et
2086 3173 2293 3264 pauci
2375 3178 2577 3239 erant

565 3275 862 3361 propter
908 3265 1205 3339 vulnera
1255 3266 1631 3361 frigusque
1664 3269 1751 3338 ad
1786 3290 2074 3364 operam
2107 3268 2575 3364 praestandam

567 3367 844 3452 idonei,
912 3388 1150 3461 neque
1219 3370 1590 3462 quisquam
1641 3390 1823 3441 unus
1891 3392 2136 3442 eorum
2190 3391 2276 3442 se
2330 3368 2577 3440 defen-

571 3467 766 3538 disse
831 3468 1100 3538 dicitur.
1202 3466 1329 3539 Sic
1393 3470 1739 3541 omnes'a
1793 3472 2116 3563 dynastae
2183 3471 2579 3541 emissariis

570 3565 1073 3659 comprehensi
1127 3578 1201 3640 et
1248 3572 1319 3639 in
1369 3572 1846 3643 continentem
1898 3572 1989 3642 ad
2042 3571 2410 3662 dynastam
2463 3588 2578 3638 re-

573 3667 800 3752 ducti,
868 3668 1147 3738 omnino
1215 3668 1543 3741 homines
1594 3674 2062 3764 septuaginta.
2163 3668 2398 3741 Jussu
2449 3669 2579 3759 dy-

572 3775 794 3838 nastae
817 3764 1024 3859 Vagn
1059 3768 1362 3863 ejusque
1391 3773 1572 3844 socii
1626 3774 1697 3841 in
1738 3781 1995 3841 terram
2027 3769 2286 3854 educti,
2338 3786 2581 3838 manus

572 3871 738 3960 post
788 3875 991 3960 terga
1044 3871 1386 3955 revincti,
1456 3870 1807 3965 alterique
1849 3872 2052 3960 Juxta
2114 3867 2389 3939 alteros
2438 3886 2583 3935 uno

574 3965 741 4037 fune
810 3969 969 4038 sine
1019 3967 1166 4039 ulla
1234 3969 1608 4042 clementia
1677 3968 2010 4060 colligati.
2113 3966 2394 4037 Interea
2452 3965 2583 4058 dy-

575 4074 773 4136 nasta
824 4069 1077 4161 suique
1131 4068 1390 4169 cibari-a
1443 4077 1803 4161 promunt,
1870 4078 1943 4140 ct
1998 4066 2444 4141 discumbunt
2496 4064 2588 4140 ad
