2950 4684
613 288 789 379 m
1153 311 1520 360 msronu
1575 310 2098 358 triennarum.
2219 306 2295 370 ο,
2329 304 2643 371 106409.

616 502 786 573 lites
837 498 1239 570 transirent.
1358 493 1529 567 Rex
1577 493 1803 567 Svein
1853 491 2105 587 proelio
2168 495 2427 581 victor3
2495 513 2640 563 rex

614 600 900 673 Knutus
953 618 1207 670 rursus
1257 597 1625 667 meridiem
1685 616 1954 669 versus
2003 597 2073 664 in
2123 591 2507 664 saxoniam
2535 593 2633 664 ad

616 703 872 774 ducem
924 699 1307 770 Hearicum
1354 695 1972 773 Brunsvikensem
2024 693 2384 787 confugit,
2434 693 2626 789 apud

615 824 825 900 quem
876 800 1299 894 aliquantum
1347 800 1692 891 temporis
1744 804 2218 869 commoratus
2270 804 2404 865 est.

966 900 1091 973 De
1136 901 1581 993 imperatore
1630 907 1704 968 et
1751 918 1927 992 reqe
1977 893 2270 967 Smne.

819 1001 986 1074 1⁰9.
1087 999 1247 1072 Hoc
1280 1009 1605 1092 tempore
1629 1002 2016 1092 imperator
2037 994 2434 1066 Fridrekus
2463 996 2627 1086 regi

616 1103 868 1177 Sveini
918 1104 1232 1173 nuntium
1286 1102 1506 1184 misit,
1558 1120 1864 1192 eumque
1916 1097 2004 1168 ad
2053 1118 2142 1167 se
2194 1097 2628 1166 amicissime

614 1205 943 1277 invitavit.
1068 1200 1171 1271 Ut
1235 1221 1414 1272 vero
1484 1221 1618 1269 rex
1684 1199 1907 1270 Svein
1970 1197 2058 1267 ad
2123 1200 2625 1291 imperatorem

614 1306 850 1391 venit,
920 1305 1306 1397 imperator
1354 1298 1565 1370 fidem
1617 1301 1776 1391 regi
1827 1296 2078 1370 Svcini
2132 1298 2359 1369 datam
2411 1294 2626 1368 sefel-

614 1405 726 1494 lit3
779 1426 937 1476 nam
971 1425 1130 1474 eum
1161 1403 1251 1472 ad
1281 1399 1641 1472 clientelae
1671 1398 1977 1471 officium
2009 1401 2271 1490 coegit.
2344 1396 2624 1469 Eodem

612 1517 937 1599 tempore
992 1503 1136 1572 dux
1187 1501 1546 1571 Henricus
1598 1511 1673 1571 et
1719 1521 1854 1570 rex
1913 1498 2195 1569 Knutus
2255 1498 2346 1569 ad
2397 1500 2622 1592 impe-

614 1616 925 1677 ratorem
975 1611 1362 1689 venerunt3
1412 1611 1557 1671 tum
1607 1604 1992 1694 imperator
2040 1621 2125 1670 ac
2178 1600 2325 1670 dux
2367 1619 2624 1690 regem

615 1703 955 1777 Sveinem
1027 1711 1100 1773 et
1149 1722 1398 1793 regem
1450 1700 1763 1772 Koutum
1815 1704 2004 1770 inter
2049 1720 2137 1769 se
2200 1697 2623 1770 reconcilia-

613 1815 799 1891 runt,
854 1826 945 1876 eo
997 1812 1232 1896 pacto,
1282 1811 1362 1873 ut
1411 1823 1548 1872 rex
1599 1800 1884 1872 Knutus
1934 1803 2093 1892 regi
2146 1799 2396 1871 Sveini
2449 1798 2621 1871 suh-

607 1910 848 2000 jectus
900 1913 1102 1975 esset
1152 1901 1706 1997 Selandiamque
1772 1900 2384 1973 administrandam
2439 1898 2618 1973 obti-

614 2015 841 2079 neret.
938 2004 1186 2099 ltaque
1237 2023 1369 2074 rex
1419 2003 1644 2076 Svein
1694 2026 1736 2073 a
1784 2000 2215 2074 Valdennare
2266 2003 2493 2095 petiit,
2540 2009 2621 2072 ut

611 2128 746 2202 pro
797 2127 884 2177 se
936 2106 1369 2202 sponderet,
1451 2104 1635 2176 hanc
1695 2102 2343 2175 reconciliationem
2394 2111 2618 2174 ratam

612 2208 808 2294 fore3
860 2205 1034 2277 nihil
1088 2208 1271 2275 enim
1326 2206 1617 2277 curabat
1666 2226 1798 2277 rex
1838 2203 2123 2276 Knutus
2149 2206 2503 2296 promissa
2525 2201 2617 2272 ab

611 2327 794 2398 rege
847 2304 1119 2377 Sveiue
1170 2304 1370 2391 data,
1424 2309 1685 2399 quippe
1737 2326 1897 2399 quae
1946 2326 2090 2376 nou
2141 2307 2619 2397 praestiturum

608 2406 1104 2493 arbitr-aretum
1170 2426 1426 2499 quare,
1507 2408 1642 2476 nisi
1703 2404 1914 2476 fidem
1978 2427 2178 2476 suam
2236 2403 2622 2476 Valdemar

609 2528 744 2602 pro
796 2527 978 2598 rege
1044 2504 1967 2600 Sveine‘interposuisset,
2047 2504 2308 2576 nullam
2370 2505 2617 2577 facere

610 2627 873 2702 pacem·
910 2604 1157 2679 voluit.
1284 2606 1420 2679 Hic
1467 2606 1883 2678 Valdemar:
1969 2607 2218 2692 velim,
2286 2615 2618 2699 cognate,

608 2710 749 2780 ista
796 2728 890 2778 ne
942 2729 1055 2778 me
1107 2730 1354 2803 roges,
1407 2731 1619 2803 quum
1672 2710 1829 2801 regi
1879 2707 2124 2779 Knuto
2176 2710 2445 2779 amicus
2472 2728 2620 2777 non

610 2810 775 2895 sim3
828 2831 984 2878 nam
1036 2812 1101 2878 si
1150 2809 1829 2894 reconciliationem,
1883 2810 1997 2879 oui
2038 2829 2151 2878 me
2187 2827 2613 2902 sponsorem

612 2907 1132 2997 obstrinxerim,
1180 2930 1321 2978 non
1373 2909 1723 2995 servabiS,
1776 2908 2182 3002 displicebit
2230 2907 2394 2978 mihi
2424 2916 2618 2979 tuas-

611 3028 755 3101 que
807 3017 1051 3098 partes
1104 3006 1467 3099 extemplo
1532 3010 1880 3079 deseram.
1980 3008 2145 3079 Rex
2196 3007 2460 3093 Svein,
2536 3016 2620 3078 ut

608 3127 742 3200 pro
793 3126 881 3175 se
931 3103 1378 3197 fideJuberet,
1429 3104 1836 3199 implorans,
1886 3130 1972 3179 se
2023 3119 2223 3203 pacta
2276 3131 2433 3180 cum
2473 3108 2618 3178 fide

610 3213 1061 3277 servaturum
1113 3205 1466 3290 ostendit,
1534 3208 1743 3298 sique
1791 3209 1951 3300 ipse
2001 3214 2226 3299 pactis
2274 3231 2417 3281 non
2467 3218 2617 3280 ste-

607 3308 840 3391 tisset,
893 3315 1134 3397 partes
1184 3325 1357 3376 suas
1412 3305 1762 3377 deserere
1816 3309 1882 3377 ei
1913 3306 2213 3378 liberum
2247 3330 2420 3378 esse
2451 3330 2616 3400 pro-

607 3404 856 3477 fessus
910 3414 1042 3474 est.
1141 3405 1478 3499 Denique
1533 3405 1788 3477 factum
1841 3407 2121 3489 tandem
2155 3417 2291 3493 est,
2345 3417 2421 3477 ut
2446 3406 2620 3477 Val-

613 3505 857 3575 demar
905 3502 1116 3575 fidem
1170 3526 1369 3576 suam
1442 3529 1570 3599 pro
1626 3529 1806 3600 rege
1876 3506 2143 3577 Sveine
2208 3508 2618 3599 interpone-

572 3612 758 3691 'ret3
811 3625 949 3698 quo
1001 3602 1190 3676 facto
1242 3609 1311 3676 in
1362 3607 1659 3677 Daniam
1713 3609 1995 3679 reversi
2044 3615 2227 3678 sunt.
2339 3597 2462 3677 Ut'
2489 3627 2620 3678 ve-

606 3724 693 3776 ro
747 3703 1031 3775 domum
1083 3706 1480 3795 redierant,
1530 3729 1666 3778 rex
1719 3706 1945 3778 Sveiu
1998 3704 2361 3799 extemplo
2412 3715 2622 3799 pacta

608 3826 768 3877 cum
821 3822 1002 3896 rege
1052 3805 1295 3879 Knuto
1350 3810 1714 3901 migravit,
1796 3828 2099 3877 causans
2166 3828 2367 3878 suam
2441 3826 2620 3877 esse

607 3909 1153 3998 possessionem
1207 3909 1435 3978 omnia
1489 3911 1690 3999 regia
1742 3907 2042 4000 praedia,
2124 3928 2285 4000 quae
2354 3909 2426 3976 in
2475 3903 2616 3976 Se·-

607 4003 844 4075 landia
899 4016 1167 4079 essent.
1297 4004 1544 4099 ltaque
1598 4030 1807 4100 quum
1863 4028 1991 4079 rex
2058 4006 2346 4078 Knutus
2398 4008 2616 4076 inter-

605 4107 904 4196 positam
973 4127 1017 4175 a
1082 4103 1511 4177 valdemare
1577 4105 1824 4195 fidem,
1910 4106 2429 4181 servandorum
2496 4126 2619 4201 pa-
