2950 4684
586 305 707 398 Μ
1099 339 1195 387 nn
1246 306 1558 388 murts
1604 337 2085 389 romesinas,
2369 333 2472 402 ὀ,
2505 339 2609 403 33,

589 534 840 595 terum.
944 517 1079 591 Cui
1108 518 1560 612 Sigvaldiusi
1612 517 1753 596 ho'c
1803 521 2280 616 adjumentum
2314 535 2606 618 potente

589 623 829 719 aliquo
876 621 1142 693 colono
1194 623 1481 714 dignum
1511 633 1790 708 esset,-
1827 625 2077 717 iuquit,
2139 624 2276 695 sed
2329 629 2605 718 regium

588 745 732 796 non
786 732 922 809 est,
972 743 1233 818 neque,
1285 733 1589 817 quantus
1640 733 1717 793 tu
1768 743 1876 809 es,
1930 726 2248 817 principe
2299 725 2606 818 dignum.

588 826 726 897 Hic
779 845 907 894 rex
938 821 1187 910 Svein,
1238 822 1649 918 superciliis
1689 823 1999 894 nonnihil
2037 825 2385 912 adductis,
2439 825 2605 920 Sig-

586 927 891 999 valdium
945 927 1368 1017 interrogat:
1425 933 1686 1018 quanto
1739 924 2004 995 auxilio
2047 925 2170 995 tihi
2215 947 2402 1020 opus
2431 949 2605 999 esso

587 1037 817 1121 putaS,
868 1028 956 1111 si,
1024 1034 1353 1120 quantum
1408 1034 1721 1117 optares,
1785 1028 2285 1118 impetraturus
2339 1030 2604 1099 esses?

588 1125 1041 1219 Sigvaldius:
1121 1123 1462 1196 celeriter
1542 1126 1958 1218 expediam,
2027 1129 2312 1197 omnino
2390 1149 2603 1199 sexa-

588 1225 839 1318 gintal,
903 1227 1148 1319 inquit,
1217 1245 1508 1319 quarum
1564 1224 1864 1315 singulae
1916 1227 2249 1317 ingentes
2305 1238 2378 1299 et
2425 1234 2603 1301 satis

585 1331 953 1398 instructae
1005 1328 1183 1414 sint3
1243 1345 1382 1417 ego
1436 1345 1616 1397 vero
1668 1326 1791 1397 tihi
1845 1329 1912 1396 in
1968 1329 2196 1397 vicem
2255 1350 2391 1399 non
2430 1352 2600 1422 pau-

587 1431 827 1498 ciores
878 1447 1125 1512 naves,
1179 1436 1299 1497 aut
1351 1429 1558 1500 etiam
1598 1426 1865 1519 plnres,
1917 1429 2054 1497 etsi
2086 1429 2401 1500 minores
2425 1431 2601 1502 -red-
2667 1432 2675 1439 ’

588 1523 768 1614 dam,
822 1546 1056 1621 neque
1113 1530 1292 1597 enim
1349 1530 1519 1598 sciri
1575 1537 1834 1619 potest,
1885 1549 1975 1597 an
2013 1549 2265 1599 omnes
2303 1537 2442 1600 tuae
2479 1551 2601 1602 ua-

584 1650 721 1701 ves
771 1630 913 1701 sint
965 1648 1413 1713 reversurae,
1482 1628 1673 1721 quod
1732 1649 1821 1697 eo
1878 1637 1993 1698 est
2044 1648 2227 1700 vero
2275 1630 2599 1719 similius,

586 1729 776 1823 quod
830 1733 923 1800 ita
975 1727 1135 1798 fere
1186 1725 1380 1799 solet
1441 1747 1574 1797 usu
1629 1731 1897 1798 venire.
2017 1727 2194 1800 Tum
2249 1751 2418 1801 rex:
2493 1732 2597 1804 fa-

583 1833 799 1915 ciam,
849 1839 925 1899 ut
975 1849 1198 1899 naves
1252 1836 1515 1920 paratae
1568 1831 1744 1913 sint,
1797 1826 2144 1921 Sigvaldi,
2198 1842 2276 1901 ut
2301 1836 2595 1924 primum

585 1940 658 2002 te
709 1931 795 2001 ad
851 1928 1363 2023 profectionem
1406 1932 1828 2014 accinxeris,
1882 1933 2138 2023 inquit3
2192 1953 2354 2023 age,
2401 1955 2596 2004 com.

582 2051 754 2129 para
805 2040 901 2118 te,
950 2050 1121 2122 ego,
1192 2038 1518 2124 quantum
1573 2029 1973 2123 postulasti,
2033 2031 2321 2102 tradam.
2421 2032 2597 2105 Pul-

583 2153 731 2217 ere,
785 2142 1022 2226 atque,
1072 2142 1153 2201 ut
1206 2133 1613 2223 exspectari
1671 2151 1799 2222 par
1850 2140 2023 2216 erat,
2081 2136 2383 2225 egregie
2413 2153 2596 2206 meae

582 2233 1025 2315 necessitati,
1078 2231 1384 2315 domine,
1436 2230 1861 2316 subvenisti,
1904 2234 2124 2326 iuquit
2156 2231 2594 2325 Sigvaldius‚

580 2342 793 2425 atque
845 2330 998 2415 fae,
1050 2351 1246 2423 quae,
1301 2328 1661 2422 pollicitus
1716 2351 1822 2416 es,
1882 2331 2202 2403 fideliter
2249 2345 2592 2427 prwstesg

582 2434 843 2502 etenim
895 2429 1101 2501 simul
1151 2439 1368 2523 atque
1420 2427 1561 2501 hoe
1614 2434 2037 2518 convivium,
2092 2436 2205 2503 cui
2258 2453 2442 2506 nunc
2487 2440 2590 2506 in·

580 2543 967 2617 tersnmuS,
1020 2530 1282 2602 linitum
1320 2534 1477 2616 erit,
1529 2535 1670 2602 iter
1719 2533 2254 2623 ingrediendum
2311 2546 2463 2624 est3
2515 2547 2593 2612 tu

579 2629 757 2705 'vero
810 2652 994 2702 nuno
1047 2652 1298 2702 omnes
1350 2651 1574 2702 naves
1641 2632 1916 2719 tradas,
1985 2653 2075 2703 ne
2129 2655 2322 2708 mora
2377 2639 2590 2708 inter-

580 2743 899 2828 ponatur,
952 2752 1093 2824 ego
1146 2751 1424 2826 nosque
1478 2732 1684 2803 ambo
1735 2755 1873 2804 una
1924 2732 2185 2805 milites
2223 2742 2590 2828 compara-

579 2835 827 2932 bimus.
895 2833 1061 2904 Rex
1091 2836 1312 2927 primo
1347 2833 1855 2904 obmutescere
1885 2843 1958 2904 et
1988 2833 2343 2921 haesitare,
2375 2837 2586 2929 paulo

574 2955 756 3006 vero
808 2937 1183 3024 interjecto
1234 2933 1614 3005 intervallo
1666 2933 1848 3004 infit:
1919 2934 2189 3021 faciam,
2242 2934 2588 3029 Sigvaldi,

574 3037 821 3127 inquit,
872 3032 1064 3125 quod
1096 3032 1449 3124 postulas3
1504 3034 1639 3104 sed
1674 3033 1831 3105 haec
1872 3033 2187 3107 celerius
2217 3059 2421 3130 quam
2457 3062 2587 3131 pu·

575 3144 790 3206 taram
845 3132 1280 3216 acciderunt,
1337 3154 1425 3202 ne
1479 3154 1571 3204 ue
1625 3137 1951 3227 opinatus
2006 3155 2221 3223 enim,
2273 3138 2465 3223 fore,
2507 3153 2588 3210 nt

572 3244 709 3306 tam
764 3233 1001 3304 subito
1052 3231 1486 3324 ingr-neren.
1590 3232 1767 3305 'Pom
1825 3234 2134 3323 Astrida,
2185 3255 2368 3308 uxor
2419 3235 2584 3331 Sig-

571 3334 819 3408 valdii:
872 3353 1012 3404 non
1066 3343 1184 3404 est
1236 3333 1421 3427 quod
1481 3338 1945 3428 exspectetis,
1998 3339 2240 3430 inquit,
2293 3358 2429 3408 vos
2475 3342 2584 3409 in·

572 3439 848 3527 signem
903 3433 1204 3527 aliquam
1260 3454 1352 3503 ex
1386 3433 1683 3505 Hakone
1738 3436 2035 3527 dynasta
2063 3440 2431 3509 victoriam
2466 3437 2582 3509 re-T

572 3543 1012 3628 portaturos,
1076 3538 1145 3605 si
1197 3537 1292 3605 ita
1354 3533 1709 3627 proficisci
1760 3537 2080 3624 tardetiS,
2145 3549 2223 3609 ut
2273 3544 2585 3611 nuntium

571 3636 869 3728 accipiat
919 3644 994 3704 et
1046 3635 1166 3706 diu
1217 3656 1303 3705 se
1347 3633 1760 3728 comparare
1813 3642 2066 3729 possit,
2119 3642 2181 3709 si
2212 3661 2400 3711 nunc
2428 3658 2579 3709 rem

571 3734 756 3806 male
809 3738 1087 3826 gesturi
1148 3737 1362 3822 estis3
1437 3757 1658 3831 quare
1724 3735 1863 3806 hoc
1911 3757 2124 3806 unum
2193 3760 2236 3807 e
2306 3743 2582 3809 ratione

571 3837 820 3921 fuerit,
895 3833 1154 3929 inquit,
1223 3844 1298 3906 ut
1348 3840 1648 3906 maxima
1710 3838 1825 3906 usi
1867 3832 2270 3907 celeritate:
2301 3853 2578 3907 omnem

566 3937 814 4007 famam
869 3938 1357 4022 antevertatiS,
1423 3944 1497 4007 et
1548 3936 1911 4026 dynastam
1977 3939 2400 4029 necopinato
2449 3955 2579 4030 op-

567 4038 896 4126 primatis,
1011 4031 1295 4129 Itaque,
1356 4045 1436 4106 ut
1485 4032 1777 4127 primum
1837 4032 2002 4106 finis
2066 4038 2401 4108 convivio
2452 4039 2577 4107 im-

643 4166 689 4233 ¹)
729 4165 1083 4239 quadraginta,
1126 4169 1191 4233 B,
1236 4169 1291 4220 F.
1569 4149 1576 4162 ²
1703 4157 1710 4166 ’
1843 4159 1848 4168 ’
2053 4153 2060 4160 ¹
2125 4157 2128 4162 ⁴
2405 4165 2414 4168 ⁷
2501 4165 2508 4174 ’
