2950 4684
367 334 441 396 C.
479 329 700 393 65-66.
904 334 1269 383 ms’roma
1323 337 1842 387 xum-manum.
1880 276 1885 282 -
2208 314 2379 405 261

366 522 495 593 riae
551 528 708 604 est,
762 520 1174 611 pensionem
1226 524 1580 612 pecuniae,
1645 543 1852 615 quam
1903 523 1992 593 ad
2049 543 2136 595 se
2190 525 2379 596 redi-

365 620 697 690 mendum
765 618 927 690 duci
992 619 1352 712 pollicitus
1421 630 1609 704 erat,
1687 622 1775 693 ab
1845 643 1935 694 eo
2004 627 2382 716 praestitam

368 742 584 807 esse,
665 739 901 811 neque
953 730 1187 791 tamen
1238 719 1530 812 longum
1583 731 1866 815 tempus
1918 726 2383 815 praeterierat,

366 844 581 914 quum
612 823 1032 906 existerent,
1086 824 1204 913 qui
1237 842 1396 911 eum
1429 823 1916 907 admonerent,
1966 838 2045 893 ut
2084 826 2380 895 animum

369 920 540 992 huic
589 922 695 991 rei
749 920 1207 1007 adverteret,
1284 925 1609 993 nimitum
1681 924 1967 1014 cognati
2037 934 2113 995 et
2180 927 2384 996 amici

366 1018 828 1113 Thorgunnae
884 1020 1205 1093 filiorum.
1308 1020 1592 1113 Quibus
1644 1044 1779 1093 rex
1819 1022 2384 1113 indignabundus

372 1122 786 1214 respondit,
853 1132 1108 1195 vetans
1161 1121 1253 1192 de
1305 1122 1568 1193 talibus
1618 1122 1842 1193 rebus
1892 1121 2139 1193 inferri
2187 1145 2383 1194 men·

372 1224 670 1293 tionem:
734 1221 809 1293 hi
860 1221 1124 1291 fratres
1176 1222 1455 1316 (inquit)
1509 1221 1697 1294 haud
1754 1221 1968 1292 dubie
2017 1219 2220 1308 laeta,
2285 1226 2386 1295 uti

367 1325 729 1407 convenit,
779 1331 980 1393 sorte
1031 1321 1363 1395 fruuntur
1409 1324 1592 1415 apud
1633 1324 1885 1397 dueem
1916 1320 2386 1410 Baldviuium,

372 1423 505 1492 diu.
546 1420 765 1493 eniml
822 1443 1086 1495 socero
1140 1443 1563 1517 generoque
1617 1445 1907 1516 operam
1960 1445 2156 1497 suam
2193 1423 2385 1495 loca·

374 1533 655 1610 verunt,
705 1526 909 1615 cujus
955 1544 1094 1594 nou
1149 1522 1436 1593 dubium
1493 1534 1608 1596 est
1657 1526 1824 1617 quin
1877 1523 2160 1615 dignum
2204 1546 2385 1619 prae-

370 1627 581 1697 mium
635 1622 969 1695 referant.

821 1723 939 1796 De
984 1727 1386 1795 sanctitate
1425 1726 1638 1819 regis
1687 1721 1940 1795 Knuti.

574 1822 692 1895 66.
797 1822 1032 1914 Quum
1088 1846 1219 1895 rex
1272 1823 1551 1896 Olavus
1605 1826 1932 1913 convivia
2000 1826 2071 1893 in
2138 1819 2388 1895 Fionia

368 1926 628 2010 obiret,
680 1928 878 1996 venit
927 1926 1014 1995 ad
1067 1946 1231 1996 eum
1283 1925 1655 2011 sacerdos,
1706 1929 1815 1995 rei
1846 1924 2101 1997 divinae
2129 1925 2199 1991 in
2229 1923 2389 1993 aede

369 2048 618 2111 sacra,
669 2025 790 2095 ubi
844 2047 976 2097 rex
1028 2024 1313 2097 Knutus
1364 2023 1815 2118 quiescebat,
1870 2027 2205 2093 minister.
2256 2021 2392 2093 Hic

376 2130 537 2219 regi
586 2129 656 2195 in
707 2136 1068 2197 secretum
1125 2124 1560 2220 colloquium
1616 2133 1875 2196 vocato
1926 2124 2226 2195 remotis
2278 2143 2390 2192 ar-

372 2227 579 2299 bitris
630 2225 1075 2318 significavit,
1128 2229 1197 2299 in
1234 2229 1537 2316 regione
1569 2222 1884 2316 sepulcri
1921 2227 2122 2315 regis
2149 2220 2392 2308 Knuti,

374 2329 614 2401 fratris
681 2330 877 2419 ejuS,
961 2325 1231 2419 s'aepius
1298 2324 1435 2397 sihi
1493 2323 1755 2395 claram
1827 2322 2062 2397 lucem
2129 2325 2390 2395 visam:

375 2428 737 2522 multaque
786 2426 1043 2498 ibidem
1099 2425 1238 2497 alia
1288 2425 1497 2511 fiunt,
1575 2428 1834 2518 inquit,
1914 2426 2150 2517 signa,
2232 2444 2393 2517 qua*

378 2532 612 2622 magni
677 2527 884 2598 nobis
950 2529 1284 2598 momenti
1337 2527 1703 2612 videntur3
1787 2535 2150 2619 putanuS,
2230 2544 2394 2594 eum

374 2631 733 2703 *hominem
784 2649 958 2700 esse
1006 2648 1190 2707 vere
1243 2635 1580 2701 sanctum.
1679 2624 1837 2701 Tua
1889 2629 2107 2718 igitur
2149 2633 2392 2695 aucto·

376 2735 586 2803 ritate
636 2732 759 2816 uti,
813 2730 1120 2814 domine,
1171 2727 1526 2813 volumus,
1581 2725 1859 2801 ultrane
1913 2728 2010 2801 Sit
2060 2724 2201 2799 hoc
2228 2744 2394 2816 pro-

377 2830 606 2926 palam
659 2826 1140 2915 faciendum2,
1220 2849 1302 2898 re
1353 2829 1450 2897 ita
1500 2834 1918 2918 comparata.
2039 2822 2176 2894 Cui
2227 2843 2393 2895 rex.

376 2953 472 3003 ne
523 2942 599 3004 tu
651 2932 839 3003 adeo
892 2935 996 3002 sis
1061 2930 1329 3015 audaX,
1409 2937 1488 2998 ut
1548 2926 1690 2999 tale
1761 2924 2240 2999 mendacium
2266 2943 2397 2993 ore

378 3032 741 3127 proseras3
820 3031 1035 3104 multa
1106 3033 1290 3103 enim
1359 3031 1607 3099 inesse
1676 3030 1747 3101 in
1799 3029 1941 3101 vita
1992 3025 2396 3118 agendique

381 3137 656 3208 ratione
723 3132 938 3204 Knuti
1007 3134 1208 3225 regis
1260 3133 1465 3216 novi,
1546 3150 1704 3223 quae
1767 3129 2117 3205 sanctitati
2185 3145 2397 3217 repu-

382 3245 636 3328 gnent3
690 3244 766 3305 et
817 3243 1018 3306 certo
1048 3236 1239 3305 scias
1263 3228 1505 3316 velim,
1554 3233 1621 3307 si
1647 3233 1808 3324 quis
1845 3228 2012 3300 talia
2040 3231 2399 3319 praesente

383 3356 498 3407 me
550 3334 638 3407 ab
693 3334 834 3409 hoc
886 3346 1211 3427 tempore
1269 3331 1621 3426 loquatur,
1674 3330 1862 3402 hunc
1891 3330 2120 3420 capite
2153 3343 2400 3415 poenas

383 3437 725 3510 daturum.
829 3434 1069 3526 Quam
1113 3455 1264 3504 rem
1317 3455 1530 3527 quum
1585 3452 1718 3501 rex
1767 3440 1904 3500 tam
1960 3431 2255 3517 gravate
2280 3443 2400 3501 ac·v

383 3539 688 3632 ciperet,
737 3535 1089 3608 sacerdos
1141 3532 1350 3605 finem
1405 3531 1685 3605 dicendi
1738 3551 1782 3599 a
1832 3545 2014 3618 rege
2068 3543 2269 3618 quam
2301 3524 2400 3592 ci-

386 3639 661 3708 tissime
712 3637 869 3711 fieri
922 3634 1203 3707 laetatus
1254 3641 1400 3720 θεῖς
1453 3650 1690 3724 neque
1743 3638 1975 3703 tamen
2027 3645 2120 3703 eo
2172 3625 2403 3699 minus

382 3746 690 3808 exortus
742 3747 857 3811 est
902 3740 974 3809 in
1024 3733 1254 3807 Dania
1280 3752 1547 3817 sermo,
1599 3751 1850 3824 regem
1880 3726 2193 3803 Knutum
2224 3741 2401 3794 vere

381 3846 705 3910 sanctum
760 3858 966 3925 esse,
1049 3854 1440 3931 quanquam
1508 3833 1672 3904 vivo
1733 3850 1918 3922 rege
1969 3824 2209 3899 Olavo
2259 3843 2403 3893 uon

464 4033 606 4101 ¹re)
552 4032 661 4106 regi
697 4032 879 4087 Knuto
919 4030 1139 4102 ducique
1111 4028 1250 4084 ΗΒ
1253 4026 1357 4081 ldv
1341 4025 1448 4080 lino
1448 4061 1468 4111 .'
1512 4022 1639 4075 add.
1669 4020 1727 4075 F.
1833 4019 1967 4086 ²)an
1993 3984 2404 4086 exspectandum.

387 4127 518 4178 add.
558 4129 615 4177 S.
