2950 4684
573 304 695 392 m
1085 331 1182 378 nn
1225 332 1534 380 manns
1551 339 1560 370 ε
1575 332 2056 381 somnumve.
2391 330 2468 396 c.
2489 328 2592 393 37.

579 533 985 588 sermonem
1040 534 1385 587 exorsus:
1446 537 1697 608 magna
1745 518 1888 608 jam
1940 514 2083 587 hoc
2133 516 2299 589 loco
2351 517 2593 593 latitia

578 626 716 703 est,
764 619 1011 711 inquit,
1063 637 1454 709 magnaque
1499 620 1952 688 convivarum
1984 616 2412 711 frequentia3
2461 625 2594 694 ita-

577 740 717 811 que
770 716 1037 788 hortari
1091 715 1329 801 velim,
1380 727 1459 787 ut
1508 715 1811 810 aliquam
1863 737 2116 788 novam
2171 718 2593 793 oblectatio-⁸

578 840 764 905 nem,
816 822 1020 911 cujus
1075 818 1192 887 diu
1242 820 1583 888 memoria
1628 817 2086 911 superfutura
2116 822 2233 904 sit,
2286 843 2593 917 quaeque

577 922 809 1012 magui
843 916 1062 1009 vulgo
1097 920 1426 989 aestimari
1474 920 1723 1011 possit,
1758 918 1843 987 ad
1882 917 2388 992 exhilarandos
2421 943 2593 993 con-

576 1024 777 1094 vivas
808 1021 1289 1111 auspicemini.
1391 1016 1809 1109 Sigvaldius
1849 1021 2005 1110 regi
2059 1022 2467 1114 respondit:
2517 1024 2591 1093 id

580 1123 979 1213 primarium
1015 1121 1526 1203 existimamuS,
1579 1121 1988 1211 optimeque
2036 1126 2340 1192 omnium
2385 1122 2592 1195 volu·

576 1224 745 1313 ptati
791 1219 1226 1290 satisfactum
1260 1221 1343 1288 iri
1376 1219 1759 1305 credimuS,
1811 1224 1873 1289 si
1909 1228 2008 1305 tu,
2065 1221 2368 1307 domine,
2400 1227 2591 1316 priu-

536 1343 752 1414 ·eeps
804 1323 1213 1413 auspicatus
1264 1318 1523 1392 fueriSt
1574 1330 1648 1390 te
1704 1323 1886 1389 enim
1933 1341 2188 1392 omnes
2214 1327 2591 1416 suspicere

577 1421 950 1506 dehemuS,
1014 1420 1326 1514 ideoque
1382 1442 1523 1490 uno
1578 1441 1707 1491 ore
1760 1421 1831 1490 id
1884 1441 2117 1512 genus
2173 1422 2591 1494 delectatio-

574 1526 721 1607 nis,
760 1521 950 1617 quod
1002 1520 1127 1592 tibi
1182 1520 1532 1615 placuerit
1559 1522 1897 1615 quodque
1945 1521 2404 1614 deligendum
2437 1527 2590 1594 exi-

573 1624 998 1707 stimaveris,
1029 1621 1592 1714 adprobahimus.
1647 1620 1852 1691 Rex:
1889 1625 1958 1690 in
1986 1621 2384 1714 splendidis
2421 1643 2591 1696 con·
2633 1679 2640 1680 f

570 1726 788 1795 viviis
843 1733 918 1794 et
968 1722 1291 1809 coetihuS,
1344 1725 1575 1815 iisque
1630 1720 1844 1807 locis„
1913 1721 2032 1792 uhi
2088 1721 2432 1795 lectorum
2483 1728 2590 1797 vi-

538 1846 811 1895 ·rorum
876 1823 1276 1917 frequentia
1340 1825 1799 1907 convenerit,
1894 1821 2074 1892 hanc
2137 1823 2590 1897 observatam

575 1924 1159 1997 consvetudincm
1232 1927 1434 2010 novi,
1511 1934 1588 1993 ut
1654 1922 1949 1993 aliorum
2008 1923 2589 1997 delectandorum

574 2048 787 2097 causa
843 2025 1280 2118 honorisque
1333 2025 1642 2116 augendi
1705 2027 1926 2116 gratia
1978 2035 2141 2095 vota
2194 2037 2591 2120 nuncupata

571 2127 851 2198 fuerint.
904 2125 1127 2217 Cujus
1157 2126 1660 2196 oblectationis
1685 2125 2039 2196 tentandae
2077 2125 2381 2217 cupidus
2410 2143 2591 2213 sum,

572 2248 991 2321 persvasum
1049 2229 1229 2295 enim
1284 2225 1560 2312 haheo,
1641 2235 1902 2318 quanto
1972 2248 2110 2296 vos
2162 2229 2407 2319 piratae
2455 2225 2589 2297 Jo-

575 2345 868 2397 menses
922 2336 1214 2396 ceteros
1264 2347 1516 2396 omnes
1575 2326 1895 2396 homines
1948 2330 2169 2397 totius
2222 2327 2418 2398 orbis
2469 2348 2589 2398 se-

576 2425 1090 2522 ptemtrionalis
1126 2429 1508 2518 praestetiS,
1539 2435 1732 2496 tanto
1761 2425 1945 2496 haud
1976 2426 2193 2497 dubie
2225 2428 2589 2499 excelleu-

572 2532 715 2600 tius
768 2537 1005 2598 votum
1032 2526 1243 2613 -fore,
1313 2527 1505 2621 quod
1561 2525 1692 2596 hac
1742 2530 2051 2597 instituta
2108 2528 2590 2600 oblectatione

574 2630 979 2722 suscepturi
1031 2629 1212 2713 sitis,
1267 2638 1341 2698 et
1393 2626 1524 2699 hae
1579 2649 1671 2698 ex
1725 2650 1829 2714 re,
1884 2637 1961 2699 ut
2005 2649 2096 2697 ex
2140 2629 2326 2715 aliis,
2376 2651 2588 2723 appa-

574 2734 906 2815 riturum,
973 2750 1109 2801 vos
1162 2732 1430 2799 ceteris
1483 2729 1883 2800 hominihus
1936 2729 2397 2816 antecellere,
2459 2751 2589 2800 ve-

573 2852 802 2924 roque
855 2829 1089 2901 simile
1145 2851 1340 2915 esse,
1394 2829 1638 2901 harum
1682 2852 1918 2900 rerum
1955 2833 2359 2900 memoriam
2398 2831 2589 2923 apud

572 2932 902 3001 homines
951 2932 1112 3002 fore
1167 2933 1580 3001 diuturnam.
1694 2931 1956 3024 Neque
2022 2952 2204 3002 vero
2257 2932 2588 3025 equidem

574 3032 756 3102 hanc
816 3031 1035 3100 ordiri
1102 3029 1654 3102 oblectationem
1739 3032 2181 3103 detrectabo.
2306 3032 2589 3118 Voveo,

574 3134 797 3225 inquit
846 3151 1001 3214 rex,
1056 3153 1167 3200 me
1223 3152 1468 3222 regem
1506 3130 1962 3216 Adalradum,
2015 3143 2385 3226 antequam
2442 3145 2588 3203 ter·

573 3235 689 3303 tiae
740 3230 996 3302 abhinc
1063 3232 1319 3302 hiemis
1384 3235 1649 3302 initium
1721 3235 2118 3320 transierit,
2186 3244 2307 3304 aut
2356 3254 2587 3324 regno

573 3355 710 3405 suo
766 3331 1262 3427 expulsurum,
1331 3342 1450 3403 aut
1521 3344 2067 3425 prostraturum,
2144 3336 2588 3427 imperioque

573 3437 973 3528 potiturum.
1073 3432 1233 3505 Jam
1287 3454 1451 3525 age,
1502 3432 1848 3525 Sigvaldi,
1903 3438 2135 3527 pergit
2184 3455 2340 3521 reX,
2396 3434 2591 3527 quod

574 3545 764 3606 tuan·
821 3544 968 3620 est,
1037 3556 1274 3628 neque
1344 3533 1651 3621 leviora,
1721 3558 1923 3629 quam
1981 3557 2163 3627 ego,
2225 3546 2349 3606 tuo
2417 3544 2589 3606 voto

574 3633 1128 3729 comprehende.
1231 3634 1397 3706 Ille:
1466 3636 1751 3723 faciam,
1806 3638 2126 3723 domine,
2191 3639 2446 3731 inquit,
2516 3645 2593 3706 ut

572 3758 798 3808 meam
851 3735 1413 3831 qualemcunque
1465 3741 1898 3809 seutentiam
1941 3736 2322 3808 declarem.
2442 3734 2588 3802 Vo-

572 3859 750 3922 veo,
821 3839 1038 3931 inquit
1106 3835 1551 3930 SigvaldiuS,
1620 3860 1733 3908 me
1801 3847 1967 3909 ante
2031 3840 2265 3907 tertiae
2332 3835 2589 3904 hiemis

573 3941 838 4010 initium
894 3941 1176 4032 copiaS,
1253 3960 1430 4033 quas
1483 3948 1728 4009 nac-tus
1794 3958 1956 4022 ero,
2032 3940 2098 4005 in
2151 3933 2589 4026 Norvegiam

573 4041 1064 4132 trajectarum,
1121 4050 1196 4112 et
1246 4039 1612 4111 Hakonem
1667 4037 2036 4129 dynastam
2085 4046 2209 4108 aut
2261 4056 2305 4105 e
2358 4055 2589 4128 regno

577 4139 1069 4232 expulsurum,
1136 4153 1256 4212 aut
1305 4137 1870 4225 interfecturum,
1940 4148 2064 4209 aut
2113 4137 2424 4232 denique
2476 4154 2591 4207 me
