2950 4684
284 344 359 408 c,
382 343 446 405 3:
806 345 904 393 nn
953 344 1271 394 nuens
1302 344 1785 394 sensumve.
2235 318 2297 406 9

287 533 559 602 eximin
612 531 885 621 negotii
930 531 1349 600 renuntiant.-
1447 527 1612 600 Jam
1665 530 1962 622 dynasta
1995 531 2138 600 iter
2167 529 2292 600 de-

285 652 431 701 nno
500 631 717 700 dm
798 640 1031 722 parat,
1115 633 1652 724 constitutoque
1723 639 2054 723 tempore
2131 652 2291 701 cum

284 730 666 802 comitibus
716 729 1211 821 profrffleitnr,
1261 733 1512 824 ireque
1561 741 2011 823 perseverat,
2064 731 2296 801 donec

285 853 447 902 enm
516 833 672 901 suis
755 850 1107 923 prospero
1185 831 1470 901 functus
1551 834 1809 901 itinere
1894 830 1985 902 ad
2066 833 2294 903 sinum

283 929 632 1002 Limicum
683 934 1031 1023 pervenit,
1078 934 1522 1024 trajectoque
1571 935 1755 1017 sinu,
1811 933 2001 1025 quod
2054 946 2295 1003 serum

289 1032 435 1101 diei
488 1040 723 1115 esset,
789 1033 864 1099 in
932 1051 1059 1102 ora
1111 1034 1313 1102 sinus
1358 1035 1765 1124 trafflgere
1817 1041 2100 1102 noctem
2152 1042 2294 1103 sta-

288 1134 441 1202 tuit.
540 1130 675 1201 Hic
722 1131 959 1201 oculis
1013 1153 1257 1203 eorum
1312 1131 1621 1204 oblatum
1653 1134 1883 1203 visum
1915 1142 2051 1220 est,
2102 1134 2296 1226 quod

289 1228 431 1302 noh
475 1231 952 1323 spernendum
985 1235 1514 1303 existimaruntt
1561 1235 1880 1303 nimirum
1913 1234 2100 1304 duos
2125 1254 2295 1303 con-

286 1343 684 1425 spexerunt
733 1332 993 1402 fluctus
1022 1332 1480 1419 decumanoS‚
1529 1332 1824 1404 alterum
1851 1335 1920 1401 in
1949 1333 2298 1419 inferiori,

286 1429 588 1502 alterum
671 1434 743 1500 in
828 1435 1173 1502 exteriori
1257 1442 1458 1526 parte
1538 1437 1742 1503 sinus
1826 1455 2296 1526 consurgere,

285 1534 587 1603 invicem
653 1541 900 1602 contra
965 1533 1378 1620 tendenteS,
1444 1537 1564 1628 qui
1634 1555 1794 1605 cum
1854 1537 1925 1603 in
1977 1555 2294 1627 magnam

288 1631 548 1702 molem
605 1636 1212 1720 exsurrexissent,
1265 1645 1780 1705 concurrentes
1830 1632 2293 1706 collidentes·

289 1753 432 1826 que
498 1735 861 1822 ingentem
921 1736 1134 1804 maris
1203 1734 2028 1829 aestum-sfragoremque
2097 1739 2293 1806 exci-

288 1843 543 1918 tarunt,
594 1854 738 1925 quo
791 1838 1122 1920 accessit,
1175 1837 1365 1929 quod
1416 1855 1614 1905 mare
1664 1838 2030 1929 sangvinis
2093 1834 2294 1907 colo-

289 1954 443 2004 rem
494 1936 805 2004 traxisse
856 1934 1248 2006 videbatur.
1363 1935 1497 2007 Hic
1547 1937 1884 2027 dynasta:
1941 1935 2096 2006 haec
2153 1959 2293 2007 ma-

287 2055 428 2126 gna
478 2034 803 2125 prodigia
843 2045 1028 2120 sunt,
1081 2038 1335 2128 inquit3
1392 2039 1504 2106 eis
1542 2039 1784 2105 moniti
1824 2045 2294 2118 revertemur,

286 2131 459 2204 mihi
511 2137 695 2202 enim
746 2136 1019 2205 animus
1067 2136 1271 2206 adire
1324 2137 1724 2206 convivium
1775 2133 2060 2225 refugit.
2171 2134 2296 2206 Sic

287 2234 588 2306 faciunt:
641 2236 942 2304 redeunt
996 2236 1319 2323 domum3
1372 2235 1673 2327 dynasta
1729 2238 2051 2327 proximo
2104 2236 2293 2308 festo

280 2333 547 2429 julensi
602 2334 791 2404 domi
841 2355 927 2405 se
980 2340 1310 2408 continet.
1408 2335 1663 2406 Altera
1716 2357 1894 2408 vero
1950 2356 2044 2406 ex
2091 2349 2295 2430 parte

289 2455 426 2506 rex
479 2437 798 2524 graviter
845 2438 1082 2522 irasci,
1134 2438 1320 2530 quod
1381 2437 1681 2528 dynasta
1730 2439 1995 2528 saepius
2029 2439 2294 2509 ‚invita-

206 2592 215 2595 Ἴ
292 2547 415 2607 tus
461 2554 807 2628 nunquam
859 2539 1109 2606 venire
1163 2539 1492 2628 dignatus
1546 2548 1768 2623 esset,
1797 2558 2058 2608 causae
2097 2540 2293 2630 igna-

290 2655 440 2720 rae,
490 2656 621 2705 cur
669 2647 968 2706 vocatus
1038 2658 1176 2707 non
1243 2637 1613 2709 adfuisset.
1729 2637 1975 2732 ltaque
2040 2640 2293 2710 eadem

288 2735 527 2806 hieme
554 2755 711 2804 rex
739 2736 1055 2808 Gor-mus
1088 2737 1471 2808 Haraldnm
1504 2739 1906 2829 dynastam,
1957 2759 2292 2808 socerum

289 2857 523 2920 suum,
572 2856 619 2904 a
665 2859 809 2929 quo
856 2858 1112 2929 magna
1162 2860 1249 2909 se
1302 2839 1628 2908 affectum
1684 2836 2108 2906 contumelia
2142 2840 2293 2907 exi-

285 2935 648 3022 stimabat,
719 2938 909 3031 quod
972 2937 1427 3008 honorificam
1498 2937 1973 3007 conditionem
2047 2936 2134 3006 ab
2206 2959 2292 3009 se

291 3036 597 3107 oblatam
648 3038 937 3130 indigne
996 3041 1441 3130 respuisset,
1513 3041 1773 3131 quippe
1841 3040 1962 3131 qui
2021 3042 2293 3133 saepius

282 3139 621 3208 invitatus
667 3159 1016 3233 nunquam
1068 3138 1454 3225 adfuisset,
1506 3137 1705 3208 bello
1758 3143 2098 3232 persequi
2147 3149 2292 3211 sta-

286 3239 435 3308 tuit.
540 3235 706 3326 Quo
759 3241 1050 3330 cognito
1099 3235 1368 3331 Thyria
1430 3241 1681 3330 regina
1730 3258 1980 3331 regem
2032 3262 2073 3309 a
2125 3259 2291 3332 pro-

287 3339 523 3428 posito
591 3334 706 3408 his
770 3337 1020 3409 verbis
1084 3358 1435 3410 revocare
1499 3352 1749 3410 conata
1803 3347 1952 3408 est:
2007 3362 2166 3431 quae
2217 3350 2291 3410 te

284 3434 629 3530 illumque
676 3439 1058 3509 intercedit
1109 3438 1462 3510 affinitatis
1513 3439 1998 3524 necessitudo,
2048 3443 2293 3533 inquit,

285 3544 361 3606 te
387 3539 673 3608 minime
704 3539 941 3626 decet,
983 3539 1343 3611 bellum-ei
1368 3539 1665 3627 inferre,
1717 3562 1875 3610 cum
1914 3542 1982 3608 in
2013 3552 2292 3634 promtu

286 3639 430 3707 siut
478 3640 792 3710 rationes
845 3639 1064 3712 multo
1103 3641 1561 3713 honestiores
1611 3642 1703 3711 ad
1753 3639 1937 3711 hanc
1986 3661 2136 3713 rem
2168 3643 2293 3712 de-

285 3737 677 3809 cidendam.
796 3739 1078 3832 Quibus
1140 3745 1412 3833 reginae
1464 3744 1745 3812 monitis
1797 3762 1931 3811 rex
1983 3741 2293 3833 aliquan-

281 3850 422 3908 tum
475 3841 873 3932 mitigatus,
940 3841 1115 3912 heui
1177 3841 1533 3911 inferendi
1595 3842 1967 3913 eonsilium
2037 3838 2277 3930 abjicit

279 3935 458 4009 Inde
510 3959 643 4008 rex
697 3940 1016 4014 Gormus
1069 3943 1141 4012 id
1192 3939 1473 4012 consilii
1528 3944 1739 4033 cepit,
1790 3952 1869 4012 ut
1921 3941 2159 4008 missis
2186 3937 2291 4011 lea

279 4041 471 4130 gatis
510 4038 898 4131 dynastam
953 4050 1387 4128 arcesseret,
1439 4061 1726 4112 causam
1780 4040 2293 4132 exquisituros,-

279 4160 412 4210 cur
462 4150 766 4215 vocatus
815 4164 958 4214 non
1010 4141 1398 4217 adfuisset:
1449 4161 1709 4233 nempe
1752 4139 1895 4213 hoc
1918 4137 2291 4215 consilium
