2950 4684
569 291 693 381 Β
1079 320 1177 366 ⁹⁴13
1215 315 1526 366 mnam
1565 318 2048 367 sommus.-
2268 320 2344 382 o,
2370 317 2590 381 3637„

579 504 841 577 dicunt·
880 504 1044 595 regi
1092 499 1343 573 Sveini
1413 498 1634 593 longe
1699 504 1964 595 optime
2015 500 2378 596 placuisse
2428 523 2586 575 eam

577 604 984 690 mulierem,
1051 623 1209 697 qnae
1260 600 1671 694 Sigvaldio,
1738 605 1859 673 isti
1911 606 2341 690 veteratori,
2406 615 2587 691 erat,

576 707 943 798 visamque
1002 724 1135 774 sua
1205 722 1434 774 uxore
1502 701 2002 774 formosiorem
2070 725 2157 775 ac
2222 708 2588 777 venustio-

579 825 761 892 rem3
831 806 1068 897 itaque
1122 805 1474 875 existimat
1526 823 1694 889 rex,
1762 802 2202 894 Sigvafflium
2254 804 2392 876 sibi
2442 827 2588 877 non

577 913 988 977 constanter
1038 924 1287 975 verum
1329 903 1421 974 de
1466 902 1605 974 bac
1645 924 1728 974 re
1758 904 2061 991 dixisse,
2114 904 2587 999 intelligitque

576 1008 942 1078 amicitiam
994 1006 1065 1074 in
1094 1026 1185 1075 se
1213 1001 1565 1095 Sigvaldii
1597 1004 1971 1076 admodum
2008 1005 2382 1093 vacillat-«³3
2422 1026 2588 1100 per-

576 1110 823 1201 spicit,
891 1127 934 1176 a
998 1107 1172 1175 viris
1223 1103 1808 1197 prudentioribus
1871 1105 2303 1192 admonitus,
2368 1116 2587 1178 totam

575 1209 917 1277 rationem
968 1203 1248 1275 consilii
1281 1206 1461 1295 ejus,
1513 1213 1591 1274 et
1637 1215 1902 1277 tamen.=
1924 1207 2111 1299 apud
2151 1205 2416 1298 vulgus
2455 1205 2586 1277 bo-

572 1308 829 1376 minum
880 1326 971 1378 se
1020 1306 1213 1376 scire
1266 1303 1689 1394 dissimulat3
1743 1326 1953 1400 quem
2008 1326 2188 1377 vero
2238 1310 2311 1375 in
2349 1306 2586 1378 locum

573 1405 878 1478 deducta
930 1414 1075 1478 tum
1142 1426 1267 1482 res
1318 1415 1510 1491 erat,
1580 1426 1832 1477 omnes
1893 1428 2056 1501 quae
2107 1406 2591 1480 offerebant&

573 1508 1023 1580 conditiones
1076 1507 1147 1574 in
1197 1527 1405 1577 suum
1458 1506 1687 1578 decus
1731 1514 1826 1576 -et
1888 1504 2229 1578 bonorem
2267 1529 2589 1580 *conver-

575 1606 809 1693 tebat,
877 1630 1033 1679 nam
1086 1615 1363 1676 mortno
1427 1627 1610 1698 rege
1656 1604 2040 1678 Burizlavo
2105 1610 2312 1678 tertia
2363 1607 2586 1679 Vinn-

575 1705 832 1779 landiae
884 1729 1052 1802 pars
1100 1706 1190 1777 ad
1245 1727 1406 1776 eum
1438 1707 1680 1778 redire
1725 1705 2052 1777 debebat.
2150 1705 2388 1779 Finito
2422 1715 2589 1801 post

573 1805 732 1879 boec
785 1810 1109 1881 convivio
1162 1828 1296 1876 rex
1348 1803 1577 1877 Svein
1630 1807 1967 1893 discedit,
2034 1828 2331 1879 uxorem
2383 1808 2584 1880 Gun-

573 1906 857 1996 nildam,
909 1910 1193 2001 triginta
1246 1927 1471 1979 naves
1524 1928 1994 2001 magnumque
2037 1906 2401 1979 bominum
2458 1917 2585 1981 nu'-

573 2030 845 2083 merum
899 2018 974 2082 et
1038 2007 1294 2080 multas
1362 2029 1487 2079 res
1536 2010 1893 2102 pretiosas
1952 2009 2119 2079 inde
2179 2008 2586 2099 abducens3

573 2109 986 2204 Sigvaldins
1037 2132 1195 2182 cum
1249 2129 1480 2180 uxore
1532 2131 1663 2180 sua
1699 2107 1994 2180 Astu-ida
2042 2109 2152 2180 ad·
2186 2130 2428 2180 arcem
2452 2109 2587 2181 Jo-

575 2232 893 2282 mensem
944 2211 1343 2282 revertitur.
1445 2209 1676 2302 Hujus
1728 2210 2033 2280 civitatis
2065 2208 2363 2302 -legnm,
2414 2232 2587 2305 qua·

571 2321 785 2383 tenus
835 2313 1180 2404 principio
1231 2308 1511 2379 fuerant
1559 2331 1600 2379 a
1627 2307 2054 2380 Pabatekio
2090 2303 2389 2405 aliisque
2419 2332 2583 2403 pru·

575 2410 908 2483 dentibus
954 2412 1129 2481 viris
1180 2410 1606 2495 constitutae,
1659 2431 1908 2503 magna
1952 2410 2106 2482 fieri
2149 2414 2364 2505 eoepit
2379 2432 2583 2482 ⁸eom·

572 2515 894 2600 mutatio3
962 2510 1155 2605 quod
1208 2511 1345 2580 etsi
1410 2531 1502 2580 ne
1552 2512 1754 2604 ipsos
1804 2511 2088 2605 quidem
2138 2515 2404 2605 pilatus
2451 2509 2585 2583 Jo-

573 2634 867 2686 menses
881 2611 1220 2707 fugiebat,
1249 2620 1483 2682 tamen
1512 2632 1765 2683 omnes
1789 2632 1930 2682 nna
1960 2610 2384 2706 aliquantum
2407 2622 2585 2684 tem-

573 2717 771 2810 poris
823 2717 894 2785 in
946 2734 1114 2786 arce
1164 2711 1495 2785 Jomensi
1546 2733 1633 2783 se
1686 2711 2160 2799 continebant,
2225 2733 2583 2805 magnema-

574 2837 712 2911 que
765 2818 1068 2888 nominis
1118 2812 1607 2887 celebritatem
1660 2816 1975 2885 assecuti
2021 2827 2242 2885 sunt.-

773 2914 892 2985 37.
994 2915 1157 2986 Non
1208 2917 1303 2985 ita
1355 2913 1577 2985 multo
1633 2923 1819 3007 post,
1870 2937 2074 3009 quam
2128 2913 2342 2985 modo
2385 2934 2581 2985 eon-

571 3025 955 3086 memorata
1003 3016 1451 3098 acciderunt,
1524 3014 1703 3084 fama
1753 3017 2140 3106 ingentium
2193 3036 2434 3086 rernm
2487 3036 2584 3085 ex

570 3114 800 3186 Dania
854 3114 1278 3208 pervulgata
1319 3124 1457 3197 est,
1510 3111 1784 3185 obiisse
1835 3114 2204 3208 dynastnm
2255 3113 2583 3187 Sti-utba-

570 3214 881 3302 raldum,
950 3225 1218 3310 patrem
1271 3212 1620 3307 Sigvaldii
1668 3236 1755 3285 ac
1803 3213 2210 3287 Tborkelis.
2249 3249 2258 3256 ·
2310 3214 2582 3286 Horum

570 3316 792 3388 frater
818 3316 1210 3409 Hemingns
1261 3337 1417 3387 cum
1472 3314 1614 3386 boc
1663 3325 2010 3409 tempore,
2062 3338 2208 3411 quo
2235 3317 2583 3387 istaacoi·

570 3416 868 3505 derunt,
919 3428 1129 3490 aetate
1181 3438 1363 3511 puer
1414 3427 1641 3504 esset,
1709 3438 1844 3488 rex
1907 3415 2132 3489 Svein
2202 3420 2317 3489 sui
2369 3415 2585 3489 officii

571 3538 744 3588 esse
798 3518 1018 3607 duxit,
1068 3522 1132 3590 si
1184 3516 1306 3590 filii
1332 3528 1526 3589 -natu
1578 3521 1888 3612 majores
1928 3540 2070 3590 non
2098 3518 2586 3604 advenissent,

571 3616 825 3711 epulas
875 3618 1221 3691 funebres
1268 3622 1339 3690 in
1393 3618 1739 3691 bonorem
1777 3617 2252 3691 Strutbaraldi
2305 3618 2585 3708 facet-03

567 3716 965 3812 Hemingus
1017 3723 1200 3790 enim
1267 3720 1821 3793 administrando
1875 3723 2209 3792 convivio
2273 3720 2583 3790 nondum

569 3829 884 3892 maturus
937 3820 1484 3893 existimabatur.
1582 3819 1832 3914 ltaque
1882 3823 1954 3891 in
2004 3842 2241 3893 arcem
2285 3817 2583 3889 Jomen·

567 3940 722 3991 sem
775 3923 865 3993 ad
918 3922 1181 3995 fratres
1231 3925 1457 4007 mittit,
1526 3932 1605 3994 ut
1658 3919 2070 4014 Sigvaltlius
2125 3943 2211 3992 ae
2257 3916 2585 3989 Tborkel

566 4020 656 4091 ad
710 4020 962 4116 epulas
1009 4022 1354 4096 funebres
1406 4024 1754 4109 venirent,
1809 4044 2046 4119 eoque
2096 4021 2263 4093 loco
2309 4027 2584 4114 praeno

568 4132 839 4209 essent,
887 4133 965 4195 ut
1014 4145 1266 4196 omnes
1317 4140 1453 4194 una
1501 4125 1900 4197 convivium
1949 4131 2334 4219 pantenu·
2365 4143 2586 4216 appa·

2929 3879 2937 4350 „Q
2935 3829 2936 3858 ⁴st
2935 3799 2936 3802 „
