2950 4684
303 369 468 434 ΟΩ.
770 374 867 420 nn
923 372 1230 420 uanam}
1284 372 1578 420 nannai
1633 373 1863 422 mum.
2138 343 2316 433 ss

303 567 648 631 nocturna
697 556 1079 650 fatigatum.
1181 555 1417 649 Quum
1471 578 1653 630 vero
1708 561 1852 645 θῦε,
1918 562 2040 653 qui
2084 562 2313 653 jenta-

304 659 534 732 eulum
589 679 881 730 sumere
937 658 1345 752 deindeque
1396 657 1608 729 avehi
1660 662 2113 745 statuissent,
2191 682 2318 734 res

304 781 560 833 omnes
611 759 803 831 modi
853 762 1195 830 terminos
1249 759 1615 830 excedere
1650 763 1802 831 visa
1840 770 2064 846 esset,
2114 760 2317 834 fores

309 860 472 932 lecti
529 860 896 954 pulsantes
951 869 1296 953 quaeruut,
1350 859 1527 954 quid,
1570 863 1679 930 rei
1730 864 1837 932 sit.
1939 861 2047 932 Ea
2088 865 2315 956 “satin

305 960 568 1033 salvae”
619 964 1053 1056 requirente,
1109 962 1350 1032 dieunt
1398 974 1680 1054 tempus
1734 983 1928 1047 esse,
1986 974 2059 1033 ut
2089 972 2318 1056 pater·

307 1062 610 1135 familias
660 1060 987 1133 vestibus
1038 1083 1124 1133 se
1175 1062 1432 1133 induat.
1539 1060 1773 1152 Quem
1823 1061 2087 1132 ibinon
2110 1063 2320 1135 ades-

281 1164 435 1249 se,
473 1184 710 1255 ouum
766 1183 852 1232 ea
905 1162 1387 1249 declarasset,
1462 1160 1892 1255 hypogaeum
1948 1165 2320 1257 omniaque

307 1263 713 1349 conclavia,
793 1266 863 1332 in
917 1263 1175 1358 quibus
1227 1284 1397 1334 esse
1463 1272 1869 1355 putaretur,
1953 1263 2320 1357 explorata

309 1374 492 1437 sunt.
624 1362 768 1455 Qui
838 1385 1046 1457 quum
1116 1367 1293 1435 intra
1361 1362 1594 1435 villam
1667 1385 1807 1433 non
1857 1367 2322 1451 inveniretur,

312 1467 562 1537 haecce
614 1463 944 1535 solennia
994 1469 1066 1535 in
1117 1462 1441 1536 dolorem
1494 1485 1579 1535 ac
1608 1464 1844 1535 fletum
1883 1467 2162 1550 mutari3
2213 1474 2321 1537 tu-

312 1565 718 1639 multuatum
777 1574 851 1636 et
898 1566 1086 1638 ultro
1142 1568 1461 1659 citroque
1513 1567 1586 1634 in
1638 1585 1890 1635 omues
1943 1563 2135 1635 villae
2165 1587 2325 1658 par-

313 1679 429 1740 tes
479 1675 832 1738 cui-satum
900 1676 1051 1753 est,
1129 1667 1219 1737 ad
1283 1666 1581 1738 mediam
1649 1686 1881 1760 usque
1951 1667 2137 1736 diem
2206 1676 2327 1737 aut

315 1769 632 1860 longius3
716 1787 810 1836 ex
878 1789 1016 1861 qua
1085 1788 1167 1838 re
1222 1765 1414 1839 multi
1485 1777 1741 1839 tautum
1798 1786 2064 1862 cepere
2121 1765 2325 1839 dolo-

315 1891 490 1953 rem,
531 1877 608 1940 ut
658 1888 832 1938 sero
885 1866 1270 1940 levaretur.
1382 1864 1543 1937 Jam
1597 1867 1686 1938 ad
1740 1867 2106 1938 Hakonem
2161 1869 2326 1938 red-

318 1969 643 2041 eundum.
799 1966 871 2037 Is
919 1970 1059 2039 iter
1110 1971 1456 2039 orientem
1512 1988 1774 2038 versus
1836 1969 1924 2037 ad
1992 1970 2196 2058 regni
2248 1967 2327 2037 fi-

318 2090 452 2140 nes
502 2070 751 2153 vertit,
817 2050 1098 2137 fortuna
1150 2071 1245 2137 ita
1298 2065 1620 2152 ferente,
1671 2076 1747 2137 ut
1799 2067 2106 2138 obseura
2158 2067 2327 2138 cali·
2378 2115 2387 2137 .

318 2173 484 2264 gine
535 2177 771 2239 tectus
824 2166 1100 2238 lateret.
1201 2165 1520 2238 Tandem
1573 2164 1870 2255 alicuius
1928 2169 2069 2238 diei
2125 2189 2327 2239 mane

321 2294 365 2344 e
433 2268 618 2341 silua
693 2279 767 2339 et
831 2267 1138 2361 caligine
1211 2288 1635 2360 emergens,
1711 2271 1779 2337 in
1842 2273 2329 2362 promontorio

320 2371 623 2469 quodam
671 2372 745 2440 in
799 2390 992 2440 mare
1057 2372 1462 2441 excurrenti
1527 2390 1612 2440 se
1676 2373 2126 2440 constitutum
2179 2374 2327 2441 ani·
2411 2420 2422 2427 ·

321 2472 727 2555 madvertit,
792 2470 1139 2564 brevique
1191 2475 1561 2564 interjecta
1616 2492 1807 2541 mora
1874 2469 2146 2541 stlatam
2201 2470 2327 2542 ali·-

320 2594 569 2669 quam,
617 2592 887 2644 navem
939 2573 1250 2663 ingentis
1304 2571 1841 2662 magnitudinis,
1906 2574 1975 2641 in
2029 2572 2326 2643 eandem

322 2679 696 2746 stationem
762 2671 1133 2767 appellere
1186 2676 1656 2766 conspicatur.
1793 2669 2027 2761 Quum
2097 2683 2330 2744 nautae

322 2773 489 2846 vela
539 2774 1038 2860 demisissent,
1126 2772 1380 2843 Hakon
1449 2790 1584 2842 eos
1650 2770 2033 2843 inclamans
2090 2783 2331 2864 rogat,

323 2886 400 2948 ut
448 2895 533 2946 se
583 2877 653 2944 in
686 2896 934 2946 navem
970 2873 1366 2967 deportent.
1469 2871 1637 2964 Quo
1658 2876 2052 2965 impetrato,
2085 2890 2332 2944 navar-

327 2977 535 3048 chum
603 2975 765 3047 adit.
868 2974 1037 3060 Hic,
1138 2976 1254 3045 eui
1324 2973 1582 3067 Gyrdo
1653 2995 1932 3060 nomen,
2012 2977 2122 3044 vir
2187 2974 2334 3044 Da-

330 3097 464 3148 nus
516 3076 704 3160 erat,
755 3097 939 3146 unus
995 3095 1087 3143 ex
1138 3073 1390 3159 aulicis
1443 3078 1641 3167 regis
1692 3072 1980 3146 Sveinis
2030 3074 2338 3163 Ulvidae,

327 3188 495 3249 tunc
548 3178 892 3269 temporis
942 3173 1195 3246 Daniae
1247 3178 1691 3270 imperantis3
1757 3179 1821 3248 is
1873 3199 2028 3248 cum
2085 3180 2339 3248 merci-

329 3281 587 3349 moniis
639 3278 864 3369 regiis
912 3276 988 3369 iq
1031 3274 1362 3370 Angliam
1427 3277 1786 3350 mercandi
1852 3299 2111 3349 caussa
2172 3298 2338 3369 pro-

327 3379 589 3463 fectus,
641 3386 962 3448 onustam
1019 3378 1292 3449 ducens
1347 3382 1575 3450 navim
1619 3382 1761 3471 jam
1814 3378 2146 3448 redierat.
2198 3375 2340 3446 Ha-

327 3481 496 3567 kon,
548 3500 797 3574 quum,
847 3487 1111 3548 mutato
1166 3481 1478 3562 nomine,
1532 3499 1620 3547 se
1670 3476 2045 3569 Vigl'usem
2098 3479 2341 3548 vocari

331 3582 656 3666 dixisset,
703 3587 1065 3651 vecturam
1119 3576 1254 3647 sibi
1285 3579 1784 3671 viaticumque,
1832 3577 2064 3651 donec
2096 3598 2343 3669 regem

331 3680 696 3750 Danorum
749 3679 1152 3763 conveniat,
1201 3700 1243 3747 a
1294 3677 1641 3771 praefecto
1696 3680 1895 3750 navis
1925 3681 2343 3771 paciscitur3

331 3800 419 3852 se
470 3777 888 3870 Norvegum
944 3798 1153 3864 esse,
1205 3799 1445 3850 rerum
1500 3781 1805 3871 inopem,
1856 3780 1990 3850 sed
2041 3779 2347 3853 honesto

332 3880 501 3952 loco
553 3887 826 3966 natum3
879 3881 1106 3953 animo
1160 3882 1588 3972 praesagire,
1661 3882 1724 3950 si
1779 3881 1944 3974 quid
1997 3879 2350 3951 commodi

332 3981 638 4054 fortunae
690 3977 1043 4052 beneficio
1096 3989 1528 4074 accepturus
1577 3982 1697 4066 sit,
1752 3979 1823 4050 id
1877 3979 1964 4052 ah
1997 4000 2177 4071 rege
2199 3978 2347 4063 Da-

333 4102 585 4155 norum
638 4090 1208 4154 consecuturum.
1328 4078 1472 4171 Qui
1538 4102 1751 4175 quum
1815 4082 2137 4175 speeiem
2202 4098 2352 4174 prae

335 4202 423 4255 se
472 4180 700 4253 ferret
751 4184 884 4253 viri
934 4193 1576 4280 operam-strenue
1631 4184 1973 4269 navaturi,
2023 4180 2352 4277 Denique
