2950 4684
366 300 443 365 c.
471 298 619 366 124.
915 304 1282 355 merome
1335 304 1857 354 suum-manunt.
2200 276 2381 369 868

365 484 555 560 lonis
608 487 934 580 episcopi
982 485 1254 559 factum·
1296 507 1469 559 esse
1542 485 1911 574 dicebant,
1984 508 2032 561 a
2082 511 2224 584 quo
2285 508 2375 566 se

363 589 437 658 iu
487 584 796 674 culeum,
845 585 1254 681 locumque,
1298 587 1496 660 unde
1548 609 1758 660 nemo
1813 609 2058 660 eorum
2115 613 2374 665 evasu-

363 708 491 758 rus
544 696 780 774 esset,
859 686 1181 760 inclusos
1263 687 1682 782 crepabant:
1755 692 2017 761 instant
2081 694 2275 769 enim.
2332 717 2376 767 a

363 795 555 859 terra
607 791 836 881 copiae
887 787 1295 883 pedestres,
1345 798 1553 860 extra
1604 793 1832 885 copiis
1878 790 2375 865 navalibusin-

362 886 862 977 tercludimur3
927 910 1166 983 neque
1219 889 1375 962 haec
1424 893 1659 983 priuS,
1711 911 1929 984 quam„
1970 897 2376 986 exspectari

361 997 668 1081 poterat,
716 999 1135 1075 evenerunt,
1186 1013 1394 1084 quum
1431 1000 1528 1062 ,ιιι
1575 989 1744 1062 nihil
1797 993 1934 1062 uisi
1975 991 2231 1085 gloriae
2264 1005 2371 1067 te-

360 1092 664 1160 meraria
713 1093 989 1162 ratione
1041 1089 1318 1177 inhies,
1396 1113 1603 1186 quam
1666 1094 2012 1164 rationem
2081 1114 2374 1188 semper

359 1188 486 1262 tibi
539 1190 866 1262 omnibus
914 1193 985 1261 in
1037 1190 1258 1262 rebus
1293 1212 1805 1279 successuram
1834 1195 2163 1286 opinaris.
2213 1195 2369 1267 Etsi

357 1299 596 1361 eutem
650 1294 759 1361 rei
813 1290 1135 1362 militaris
1187 1295 1441 1386 peritia
1489 1301 1563 1363 et
1612 1293 2027 1366 fortitudine
2078 1294 2371 1368 multum

356 1389 587 1477 vales,
637 1400 871 1471 tamen
923 1390 1110 1463 haud
1164 1400 1436 1464 certum
1490 1402 1641 1478 est,
1691 1414 1785 1464 au
1834 1393 1962 1467 tibi
2013 1396 2371 1488 expediat,

358 1493 591 1562 omnia
641 1491 782 1564 soli
826 1491 987 1579 tibi,
1035 1491 1211 1565 nibil
1260 1491 1457 1581 aliis,
1514 1497 1968 1588 permittere,
2048 1501 2371 1589 quamvis

360 1587 502 1662 boc
572 1592 691 1663 din
761 1592 1006 1665 facere
1074 1596 1486 1665 institueris.
1614 1592 1929 1684 Quibus.
1975 1599 2368 1690 episcopus

355 1690 680 1765 Absalon
745 1712 1085 1765 sermone
1154 1715 1491 1789 perquam
1560 1694 1891 1767 modesto
1957 1696 2367 1790 respondit:

356 1793 928 1887 quandoquidem
998 1816 1136 1866 vos
1201 1798 1276 1864 in
1349 1793 1585 1866 locum
1653 1797 1963 1889 iniquum
2040 1797 2368 1891 perduxi,

353 1890 472 1964 his
542 1915 681 1966 vos
746 1898 1095 1987 angustiis
1162 1893 1525 1983 liberab03
1622 1893 1779 1967 baec
1840 1905 2078 1967 autem
2143 1896 2369 1971 verba

351 1996 624 2087 saepius
674 2015 716 2065 a
764 1993 975 2066 vobis
1015 1997 1270 2086 jactari
1318 1993 1526 2065 nolo:
1597 1998 1899 2081 etenim,
1962 2018 2171 2090 quum
2224 2018 2368 2069 uon

354 2092 728 2181 muliebre,
778 2095 912 2166 sed
968 2094 1177 2167 virile
1228 2115 1358 2166 cor
1407 2097 1480 2164 in
1509 2103 1809 2188 pectore
1840 2115 2105 2188 gerere
2140 2095 2365 2169 debe·-

350 2216 588 2283 amuS,
639 2198 831 2267 omni
882 2192 1152 2266 timore·
1188 2214 1493 2280 vacare,
1544 2196 1730 2265 omni
1781 2195 2164 2269 verborum
2217 2197 2365 2271 for*

350 2297 612 2368 midine
661 2295 1030 2367 abstinere
1075 2316 1212 2367 nos
1260 2296 1620 2382 convenit,
1672 2299 1810 2370 etsi
1848 2308 2191 2392 perpetua
2218 2298 2363 2371 sor·

350 2405 541 2468 tunae
592 2399 956 2469 serenitas
1006 2394 1385 2488 adfulgere
1448 2417 1593 2466 non
1660 2396 2008 2469 videatur.
2139 2397 2367 2492 Igitur

349 2500 511 2590 ipse
580 2520 739 2572 cum
804 2499 985 2568 meis
1049 2495 1643 2568 commilitonibus
1711 2498 2147 2589 praecedam,
2228 2519 2363 2572 vos

350 2601 534 2668 meis
585 2597 903 2669 consiliis
957 2600 1164 2669 etiam
1216 2617 1399 2669 nunc
1431 2596 2019 2691 obtemperatote.
2125 2596 2205 2670 Si
2237 2621 2362 2673 ve·

349 2720 436 2771 ro
488 2718 624 2793 nos
674 2718 809 2790 per
856 2698 1115 2770 fretum
1169 2697 1462 2790 elapsos
1528 2698 2153 2785 animadvertatis,
2226 2721 2362 2771 vos

348 2819 619 2871 summa
687 2797 1057 2870 celeritate
1121 2800 1233 2869 usi
1288 2816 1518 2891 equos
1568 2799 1637 2866 in
1687 2807 1949 2870 terram
1999 2801 2361 2892 exponite,

347 2901 658 2993 acieque
701 2902 1038 2970 instructa
1070 2901 1299 2992 copiis
1326 2898 1795 2969 terrestribus
1831 2896 2356 2988 advehirniuor3

349 3009 531 3085 tum,
584 3006 663 3070 nt
711 3018 799 3069 se
854 2998 1100 3070 datura
1150 3020 1278 3071 res
1321 3002 1456 3085 sit,
1511 2997 1899 3071 videamus.
1997 2997 2122 3070 Uti
2170 3020 2355 3094 pree-

347 3110 644 3193 ceperat
695 3101 1118 3192 episcopus,
1189 3099 1471 3172 factum.
1574 3096 1942 3191 lugentem
1995 3109 2211 3172 terras
2236 3122 2357 3170 na·

345 3199 700 3292 vibusqne
754 3203 1145 3271 exercitum
1195 3198 1839 3289 Vendibabuere3
1912 3200 2093 3286 sed,
2143 3203 2357 3292 impa-

345 3310 499 3373 rata
548 3299 783 3373 adhuc
831 3300 1247 3374 Vendorum
1300 3300 1563 3386 classe,
1619 3303 2006 3393 episcopus
2057 3320 2189 3369 eos
2242 3320 2357 3368 re-

345 3404 563 3495 migio
625 3401 975 3473 advectus
1045 3401 1432 3471 clamorem¹
1481 3398 1815 3470 bellicum
1885 3397 2039 3468 tolli
2097 3399 2356 3488 jussit3

342 3524 490 3595 quo
538 3501 731 3575 facto
780 3503 1119 3571 universa
1168 3500 1472 3570 hostium
1528 3497 1826 3585 classis,
1879 3504 2039 3591 quae'
2092 3500 2357 3569 exitum

347 3601 816 3687 observabat,
896 3601 1109 3670 armis
1176 3620 1334 3673 cum
1390 3619 1482 3670 eo
1537 3598 1912 3670 decertare
1967 3620 2107 3669 nou
2160 3606 2357 3682 ausa,

345 3699 583 3794 fugam
636 3702 1039 3794 capessivit.
1163 3697 1307 3790 Qui
1360 3701 1432 3769 iu
1487 3701 1691 3793 equis
1761 3709 1995 3783 erant,
2071 3698 2357 3768 advecti

341 3802 439 3873 ad
491 3801 844 3894 oppidum,
893 3800 1171 3872 Vendis
1222 3797 1319 3870 ibi
1367 3809 1845 3870 occurrerunt.
1867 3818 2142 3891 eosque
2171 3817 2355 3887 prm.-

341 3900 445 3973 lio
499 3902 833 3995 adgressi
881 3910 1070 3973 sunt.
1175 3899 1452 3991 Quibus
1484 3922 1693 3993 quum
1718 3897 2064 3982 Absalon,
2115 3894 2356 3966 classe

344 4001 591 4074 hostili
641 3999 840 4074 nullo
892 4004 1276 4073 resistente
1346 3998 1593 4095 pulsa,
1674 3998 1941 4070 auxilio
2014 3998 2358 4081 venisset,

344 4111 632 4193 strages
683 4106 759 4174 in
804 4099 1106 4177 Vendos
1158 4100 1500 4175 celeriter
1548 4120 1763 4174 versa
1816 4106 1966 4183 est,
2042 4096 2228 4168 adeo
2280 4103 2358 4166 ut

448 4226 573 4284 Vol.
605 4228 700 4286 XI.
1882 4197 1943 4268 Z
