2950 4684
340 348 412 413 c.
441 348 579 411 110,
618 338 627 347 “
887 351 1252 399 Ηιετυιιιᾼ
1311 352 1828 399 nummatum.
2180 324 2355 413 32¹2

339 533 478 603 dos
529 530 617 601 ad
671 529 1152 604 Kalvlnndos¹
1210 536 1575 626 pugnavit,
1629 533 2010 627 multisque
2042 534 2348 607 bostium

334 631 734 703 interfectis
784 635 1081 705 victoria
1134 636 1397 726 potitus
1451 643 1582 704 est.
1685 633 1797 704 Eo
1836 655 2122 728 quoque
2163 657 2346 706 anno

334 753 476 828 pax
525 733 710 803 inter
758 755 1006 825 regem
1061 730 1401 804 Sveinem
1457 744 1531 804 ct
1585 754 1831 825 regem
1884 732 2196 806 Knutum
2241 738 2345 805 in-

339 833 597 906 violata
654 837 922 904 mansit.
1023 831 1189 904 Rex
1241 833 1465 905 Svein
1518 834 1890 903 admodum
1934 834 2349 925 angebatur,

336 935 525 1029 quod
594 954 728 1003 rex
794 932 1079 1003 Knutus
1147 943 1220 1005 et
1286 932 1672 1004 Valdemar
1739 936 1960 1026 gratia
2015 942 2150 1004 tam
2206 933 2347 1005 fide

335 1033 798 1105 reconciliata
841 1037 1064 1125 juncti
1118 1044 1405 1120 essent,
1488 1056 1691 1126 quam
1749 1034 1840 1104 ob
1896 1055 2043 1103 rem
2097 1032 2348 1104 Thett-

334 1135 544 1207 levus
594 1132 800 1204 Edlae
850 1132 1039 1203 filius
1096 1145 1168 1204 et
1216 1132 1449 1204 Ulvus
1500 1132 1843 1225 Ripensis
1881 1132 2159 1205 crebris
2189 1154 2346 1206 ser-

332 1233 664 1306 monibus
717 1254 963 1325 regem
1017 1231 1359 1304 Sveinem
1409 1232 1887 1320 hortabantur,
1939 1242 2016 1305 ut
2043 1233 2343 1330 aliquam

308 1339 546 1406 ‘iniret
594 1338 978 1421 rationem,
1059 1342 1167 1420 ut,
1246 1335 1309 1403 si
1376 1333 1518 1405 alio
1571 1335 1783 1405 modo
1852 1357 1989 1405 non
2043 1345 2349 1427 possent

336 1438 657 1531 opprimi,
708 1444 1083 1529 utrumque
1135 1456 1278 1506 uno
1321 1444 1644 1528 tempore
1678 1433 1957 1505 dolosis
1993 1434 2347 1529 aliquibus

333 1534 659 1608 consiliis
714 1556 754 1605 e
806 1537 1040 1606 medio
1065 1534 1327 1605 tollere
1361 1544 1634 1630 posset,
1684 1545 1826 1606 tum
1864 1537 2140 1606 demum
2184 1556 2344 1607 enm

335 1639 465 1709 toti
518 1636 771 1705 Daniae
841 1635 1184 1728 singulari
1254 1645 1615 1729 potestate
1686 1635 1913 1706 libere
1965 1640 2344 1730 imperatu-

334 1759 488 1809 rum
545 1737 965 1807 dictitantes.
1069 1735 1254 1827 Quae
1302 1736 1841 1807 adhortationes
1894 1761 2103 1830 quum
2160 1739 2343 1808 auri-

329 1837 468 1910 bus
520 1841 720 1930 reg‘rs
773 1836 1062 1909 Sveinis
1115 1836 1328 1908 valde
1380 1838 1826 1924 adriderent,
1878 1837 2115 1932 aliquo
2166 1847 2343 1909 tem-

331 1959 535 2033 pore,
589 1941 902 2029 cognito,
952 1947 1329 2031 utrumque
1383 1938 1685 2023 affinem,
1742 1960 1986 2030 regem
2030 1937 2342 2008 Knutnm

332 2050 407 2112 et
453 2037 990 2122 Valdemarem,
1070 2036 1273 2130 Ripis
1325 2042 1639 2123 versari,
1718 2041 1989 2130 magnis
2043 2042 2345 2131 stipatus

328 2140 559 2232 copiis
611 2138 850 2209 subito
903 2160 942 2208 a
996 2132 1258 2207 Skania
1312 2137 1703 2231 profectus,
1758 2161 1964 2233 quum
2011 2160 2143 2209 eos
2172 2160 2343 2231 pau·

329 2261 462 2312 cos
513 2243 899 2332 stipatores
951 2237 1221 2308 babere
1253 2238 1753 2326 intellexisset,
1807 2249 2179 2334 utrumque
2216 2260 2342 2332 op-

329 2344 640 2435 primere
691 2343 952 2411 statuit.
1056 2336 1209 2408 Sed
1262 2338 1390 2425 illi,
1441 2342 1696 2411 itinere
1752 2349 1824 2411 et
1849 2339 2150 2411 consilio
2185 2343 2343 2432 ejus

327 2463 462 2536 per
523 2440 1023 2535 speculatores
1086 2443 1413 2532 cognito,
1504 2441 1816 2532 digressi
1878 2451 2081 2528 sunt,
2161 2461 2341 2532 rege

328 2540 573 2614 Knuto
624 2540 1021 2635 Vebjarga,
1095 2538 1527 2611 Valdemare
1580 2541 2024 2634 Heidabyum
2079 2561 2342 2612 conce·

334 2641 566 2713 dente.
700 2641 885 2735 Quo.
925 2644 1210 2733 cognito
1263 2663 1394 2711 rex
1446 2639 1670 2712 Svein
1741 2643 1989 2713 eadem
2059 2644 2170 2713 via
2224 2662 2341 2712 re-

329 2763 590 2814 versus
644 2752 773 2814 est.
875 2741 1557 2833 Quemrevertisse
1593 2746 1945 2814 certiores
1977 2742 2163 2829 facti,
2217 2764 2339 2812 co-

327 2845 482 2937 pias
537 2853 942 2915 evocarunt.
1070 2841 1238 2913 Rex
1291 2840 1556 2929 Svein,
1633 2845 1944 2914 vicissim
2020 2844 2337 2913 evocatis

328 2947 558 3038 copiis
612 2943 1113 3015 Skaniensinm
1182 2953 1254 3015 et
1322 2942 1916 3029 Selandensium,
1999 2951 2342 3038 quotquot

327 3054 561 3115 castra
615 3047 774 3136 eJus
822 3048 1027 3138 sequi
1078 3042 1391 3131 vellent,
1438 3044 1861 3116 Roiskeldae
1911 3065 1997 3115 se
2023 3046 2339 3115 contine-

323 3144 479 3230 bat,
561 3166 702 3238 quo
771 3155 1094 3239 tempore
1164 3143 1264 3215 illi
1316 3143 1655 3239 Lyngbyi
1705 3148 1778 3214 in
1828 3165 2017 3238 pago
2067 3143 2338 3225 Valbn-

323 3241 560 3315 rensi²
612 3243 954 3337 agebant,
1018 3246 1137 3318 ubi
1190 3254 1467 3340 septem
1523 3257 1775 3318 noctes
1825 3249 1918 3316 ita
1971 3244 2340 3316 moraban-

323 3354 461 3431 tur,
512 3355 592 3417 ut
642 3344 960 3439 proelium
997 3369 1134 3417 non
1173 3350 1713 3418 committerent.
1816 3346 1951 3416 Hic
1984 3343 2335 3415 Skanien·

320 3467 449 3517 ses
499 3469 541 3517 a
591 3467 775 3539 rege
828 3446 1096 3518 Sveine
1171 3447 1683 3517 discesserunt.
1789 3444 1957 3536 Quo
2026 3447 2337 3537 cognito,

321 3545 735 3638 intelligens
806 3547 1048 3617 deseri
1114 3566 1235 3631 se,
1317 3568 1527 3639 quum
1597 3566 1684 3616 se
1754 3545 2112 3615 diffideret
2178 3548 2344 3638 regi

320 3643 564 3716 Knuto
620 3657 694 3718 et
742 3645 1149 3717 valdemari
1199 3666 1420 3739 posse
1478 3648 1867 3733 resistere,
1920 3655 2134 3717 noctu
2186 3666 2336 3715 me-

321 3747 574 3817 ridiem
626 3766 888 3818 versus
940 3749 1011 3816 in
1060 3743 1431 3817 Falstriam
1487 3745 1800 3840 aufugit,
1848 3766 2087 3841 neque
2140 3747 2337 3841 prius
2378 3834 2390 3840 ,

326 3905 331 3912 ι
389 3925 437 3995 ¹)
476 3944 525 3982 o:
563 3929 709 3982 lucos
747 3927 983 3984 Katvaeos
1022 3954 1067 3984 v.
1105 3929 1384 3993 vitulinum
1421 3931 1584 3983 hodie
1622 3928 1965 3981 Kar-lelando
2001 3930 2055 3982 in
2075 3948 2209 4002 pago
2229 3928 2337 3982 Tn-

314 4021 463 4075 nemi
498 4022 554 4075 in
593 4020 851 4078 selandia.
961 4022 1011 4092 ¹)
1051 4022 1348 4099 Valbyen³i‚
1388 4024 1459 4083 S,·
1498 4022 1834 4099 Valbyrcnsi,
1873 4024 1945 4085 C,-
1998 4042 2138 4082 παυς
2176 4042 2336 4099 paguo

316 4113 724 4190 Voldborgenoio
762 4116 816 4172 in
855 4114 1111 4172 selandia.
