2950 4684
614 313 797 403 m
1155 340 1523 407 nrum-otu
1573 339 2095 391 tnui-uanum.
2223 337 2304 400 0.
2331 336 2646 403 116-117.

620 543 873 617 regem
924 519 1265 596 Sveinen
1314 522 1409 594 ad
1452 519 1927 614 Kornungasl
2000 521 2487 611 offendentes,
2537 524 2646 596 de

609 628 890 718 jactura
955 644 1086 696 sua
1149 625 1383 718 questi
1431 631 1639 708 suut,
1720 624 2044 694 dieentes
2104 645 2192 695 se
2258 628 2332 694 iu
2394 624 2642 718 sugam

615 724 708 796 ab
759 723 1091 796 hostibus
1141 722 1557 816 compulsos
1580 725 1959 815 aegerrime
1989 727 2342 796 evasisse.
2439 724 2643 813 Rex,

620 827 745 920 qui
797 846 890 896 eo
942 824 1107 895 loeo
1159 833 1441 893 noctem
1492 826 1874 914 transegit,
1950 821 2132 895 hane
2182 845 2333 895 rem
2387 828 2639 920 iniquo

621 927 853 998 animo
906 923 1089 1009 tulit,
1135 942 1458 1016 suosque
1507 921 1980 995 vehementer
2013 927 2385 1012 incusavit,
2437 926 2638 1020 quod

619 1026 855 1098 nullas
905 1022 1410 1108 contumeliam,
1490 1043 1586 1093 ne
1644 1027 1976 1117 percussi
2038 1025 2322 1117 quidem
2388 1035 2512 1096 aut
2555 1029 2639 1096 in

614 1128 856 1220 fugam
906 1127 1237 1218 oonjeeti,
1288 1122 1541 1194 ulcisci
1591 1124 1962 1211 auderent,
2012 1145 2099 1196 se
2148 1128 2453 1217 ignavos
2499 1125 2637 1197 bo·

618 1231 855 1299 mines
902 1240 1203 1320 pascere
1257 1224 1604 1310 dictitans,
1655 1227 1775 1318 qui
1804 1222 1988 1297 tales
2029 1224 2316 1298 cibariis
2342 1236 2636 1298 susten·

618 1337 741 1400 tet.
859 1325 1175 1419 Asbjorn
1222 1322 1453 1395 Suara
1505 1325 1594 1395 ad
1647 1344 1895 1417 regem
1948 1325 2447 1401 valdemarem
2496 1327 2635 1398 de-

620 1429 831 1514 latuS,
880 1447 1131 1521 regem
1183 1423 1523 1498 Sveinem
1580 1435 1811 1497 eastra
1863 1425 1951 1497 ad
2002 1425 2460 1520 Kornungam
2502 1425 2633 1498 ha-

616 1529 799 1600 bere
850 1526 1293 1620 significavit.
1362 1523 1656 1620 „ltaque
1708 1547 1842 1596 rex
1907 1526 2294 1599 Valdemar
2338 1537 2633 1623 pontem

615 1629 1265 1702 Randarosiensem
1314 1630 1628 1718 trajecit,
1707 1626 1942 1699 adhue
2007 1650 2050 1699 a
2112 1651 2345 1722 pugna
2408 1629 2631 1701 absti-

615 1751 821 1815 nens,
876 1727 1063 1822 quod
1117 1729 1360 1819 copias
1413 1729 1624 1797 etiam
1671 1737 1816 1798 tum
1866 1727 2394 1822 opperiebatur,
2443 1751 2631 1825 qms

613 1829 820 1901 brevi
872 1827 1235 1899 adfuturas
1283 1827 1636 1920 sperabat.
1735 1826 1837 1899 Ut
1884 1850 2063 1901 vero
2115 1850 2249 1900 rex
2277 1828 2502 1902 Svein
2530 1831 2626 1902 ad

614 1929 1111 2003 Randarosum
1162 1930 1379 2014 venit,
1429 1950 1564 1999 rex
1613 1927 2001 2001 valdemar
2048 1940 2332 2024 pontem
2387 1931 2624 2001 detra-

616 2029 926 2103 bendum
979 2038 1382 2115 curaverat,
1433 2051 1572 2123 qua
1620 2051 1703 2100 re
1748 2052 1798 2100 a
1848 2031 2284 2102 transeundo
2335 2032 2624 2103 flumine

613 2131 1014 2226 prohibitus
1062 2152 1298 2223 pugna
1348 2130 1714 2202 abstinere
1767 2139 2060 2203 coaetus
2111 2145 2242 2205 est.

814 2231 982 2301 117.
1086 2230 1242 2300 Hoc
1294 2232 1549 2302 eodem
1603 2242 1935 2302 autumno
1991 2242 2153 2325 post
2188 2231 2446 2304 festum
2474 2233 2619 2303 Mi·

608 2329 890 2404 chaelis
940 2351 1071 2400 rex
1124 2329 1510 2400 Valdemar
1560 2335 1806 2425 copias
1873 2337 1945 2401 iu
2013 2331 2286 2418 locum,
2368 2344 2618 2428 tesqua

614 2430 954 2505 Gratbiea
1004 2431 1298 2512 dietum,
1373 2453 1600 2524 prope
1652 2454 1693 2501 a
1744 2426 2619 2526 regione'Vebjargornm

479 2566 505 2585 ·
612 2537 684 2604 in
734 2527 1101 2603 meridiem
1154 2552 1392 2617 versa,
1443 2535 1682 2618 movit,
1725 2535 1867 2624 jam
1922 2535 2188 2605 certior
2215 2534 2468 2620 fautu&
2499 2555 2619 2605 re·

610 2653 775 2728 gem
829 2629 1168 2704 Sveinem
1223 2653 1378 2703 cum
1432 2655 1687 2725 magno
1750 2637 2075 2706 exercitu
2125 2635 2618 2722 adventurum,

608 2735 961 2828 brevique
1014 2754 1484 2825 congressum
1549 2755 1796 2805 eorum
1859 2733 2098 2828 aliquo
2153 2736 2368 2806 modo
2432 2735 2619 2809 sore.

610 2836 937 2929 Uterque
991 2845 1275 2906 ornatas
1322 2838 1798 2929 ingentesque
1853 2838 2098 2928 copias
2123 2834 2381 2906 habuit.
2448 2835 2616 2907 Rex

609 2935 995 3008 valdemar
1055 2933 1219 3006 loeo
1291 2935 1580 3007 deiecto
1631 2957 1893 3027 pugnae
1958 2936 2221 3007 idoneo
2287 2936 2613 3036 taberna·

608 3036 770 3107 euia
826 3037 1095 3125 posuit,
1170 3053 1313 3128 quo
1367 3034 1557 3107 facto
1609 3034 1873 3106 milites
1921 3036 2151 3107 eibum
2203 3050 2616 3112 sumserunt

610 3145 687 3206 et
734 3136 1261 3227 requieverunt.
1378 3133 1546 3204 Rex
1608 3133 1991 3206 Valdemar
2050 3139 2266 3229 quieti
2332 3158 2418 3208 se
2469 3147 2612 3208 tra-

606 3234 805 3319 didit,
856 3253 1212 3326 quumque
1240 3231 1819 3322 obdormivisset,
1870 3240 2216 3327 somnium
2246 3238 2452 3324 vidit3
2502 3239 2611 3309 vi-

607 3337 785 3407 dere
838 3332 976 3403 sibi
1026 3334 1229 3403 visus
1281 3343 1396 3403 est
1451 3336 1770 3406 sanetum
1820 3334 2132 3409 Knutum
2182 3334 2610 3423 Lavardum,

603 3447 873 3529 patrem
929 3455 1174 3517 suum,
1225 3435 1343 3526 qui
1393 3438 1502 3505 sie
1556 3437 1624 3504 ei
1677 3434 1963 3508 loeutus
2014 3447 2163 3511 est:
2219 3437 2337 3508 hie
2380 3441 2610 3530 jaces·‚

602 3535 753 3633 fili,
789 3535 1075 3625 inquit,
1105 3532 1197 3602 de
1251 3537 1444 3606 exitu
1498 3535 1724 3628 proelii
1779 3546 1852 3608 te
1904 3540 2089 3610 inter
2140 3547 2216 3608 et
2266 3536 2606 3610 Sveinem

600 3652 851 3726 regem
904 3634 1404 3707 committendo
1459 3634 1674 3707 valde
1705 3636 2081 3709 sollicitus.
2179 3634 2392 3710 Bono
2420 3658 2608 3710 nune

600 3753 889 3828 quoque
939 3736 1171 3804 animo
1223 3738 1368 3821 sis,
1448 3739 1704 3831 inquit,
1772 3737 2025 3817 bonam
2081 3740 2266 3807 euim
2319 3759 2603 3809 eausam

599 3836 673 3905 in
724 3833 849 3905 lite
900 3843 1146 3906 vestra
1194 3832 1440 3906 habes.
1540 3835 1701 3907 Jam
1757 3838 1962 3908 dietis
2012 3840 2217 3924 meiS,
2271 3837 2394 3925 fiii,
2447 3837 2603 3908 dili-

598 3943 856 4027 genter
907 3936 1207 4009 animum
1259 3935 1596 4024 adverte3
1679 3957 1915 4030 neque
1987 3943 2172 4010 enim
2232 3960 2413 4010 vana
2467 3948 2604 4025 est,

597 4057 758 4127 quae
811 4033 1042 4105 oeulis
1092 4037 1232 4105 tuis
1282 4038 1571 4128 speeies
1635 4034 2021 4109 obseretur.
2148 4036 2417 4109 Somno
2474 4059 2601 4108 ex-

665 4166 715 4235 ¹)
750 4170 908 4223 hodie
942 4169 1205 4238 Korm'ng
1238 4191 1401 4242 prope
1437 4174 1748 4246 Viburgum.
