<?xml version="1.0" encoding="UTF-8"?>
<!DOCTYPE html PUBLIC "-//W3C//DTD XHTML 1.0 Transitional//EN"
    "http://www.w3.org/TR/xhtml1/DTD/xhtml1-transitional.dtd">
<html xmlns="http://www.w3.org/1999/xhtml" xml:lang="en" lang="en">
 <head>
  <title>
</title>
<meta http-equiv="Content-Type" content="text/html;charset=utf-8" />
  <meta name='ocr-system' content='tesseract 3.04.00' />
  <meta name='ocr-capabilities' content='ocr_page ocr_carea ocr_par ocr_line ocrx_word'/>
</head>
<body>
  <div class='ocr_page' id='page_1' title='image "./scriptahistoric02dengoog_0359.png"; bbox 0 0 2950 4684; ppageno 0'>
   <div class='ocr_carea' id='block_1_1' title="bbox 337 300 2348 399">
    <p class='ocr_par' dir='ltr' id='par_1_1' title="bbox 337 300 2348 399">
     <span class='ocr_line' id='line_1_1' title="bbox 337 300 2348 399; baseline -0.003 -21"><span class='ocrx_word' id='word_1_1' title='bbox 337 324 412 385; x_wconf 85' lang='lat' dir='ltr'><strong>c.</strong></span> <span class='ocrx_word' id='word_1_2' title='bbox 444 322 585 387; x_wconf 66' lang='lat'><strong>120,</strong></span> <span class='ocrx_word' id='word_1_3' title='bbox 876 327 1238 375; x_wconf 67' lang='lat' dir='ltr'><strong>maroam</strong></span> <span class='ocrx_word' id='word_1_4' title='bbox 1294 329 1814 377; x_wconf 65' lang='lat' dir='ltr'><strong>xum-munuu-</strong></span> <span class='ocrx_word' id='word_1_5' title='bbox 2174 300 2348 399; x_wconf 67' lang='grc'><strong>843</strong></span> 
     </span>
    </p>
   </div>
   <div class='ocr_carea' id='block_1_2' title="bbox 292 506 2346 1917">
    <p class='ocr_par' dir='ltr' id='par_1_2' title="bbox 292 506 2346 1917">
     <span class='ocr_line' id='line_1_2' title="bbox 333 506 2340 606; baseline 0.003 -26"><span class='ocrx_word' id='word_1_6' title='bbox 333 506 599 581; x_wconf 84' lang='lat' dir='ltr'><strong>Renm¹</strong></span> <span class='ocrx_word' id='word_1_7' title='bbox 663 511 942 596; x_wconf 82' lang='lat' dir='ltr'><strong>dictam,</strong></span> <span class='ocrx_word' id='word_1_8' title='bbox 993 532 1155 604; x_wconf 71' lang='lat' dir='ltr'><strong>qnae</strong></span> <span class='ocrx_word' id='word_1_9' title='bbox 1206 513 1567 603; x_wconf 85' lang='lat' dir='ltr'><strong>ingentem</strong></span> <span class='ocrx_word' id='word_1_10' title='bbox 1620 534 1874 606; x_wconf 81' lang='lat' dir='ltr'><strong>pagum</strong></span> <span class='ocrx_word' id='word_1_11' title='bbox 1929 523 2005 586; x_wconf 88' lang='lat' dir='ltr'><strong>et</strong></span> <span class='ocrx_word' id='word_1_12' title='bbox 2043 533 2340 606; x_wconf 83' lang='lat' dir='ltr'><strong>regnum</strong></span> 
     </span>
     <span class='ocr_line' id='line_1_3' title="bbox 337 609 2344 707; baseline 0.003 -26"><span class='ocrx_word' id='word_1_13' title='bbox 337 609 572 681; x_wconf 84' lang='lat' dir='ltr'><strong>efficit.</strong></span> <span class='ocrx_word' id='word_1_14' title='bbox 675 609 945 698; x_wconf 85' lang='lat' dir='ltr'><strong>Horum</strong></span> <span class='ocrx_word' id='word_1_15' title='bbox 976 613 1312 705; x_wconf 89' lang='lat' dir='ltr'><strong>princeps</strong></span> <span class='ocrx_word' id='word_1_16' title='bbox 1352 610 1746 698; x_wconf 87' lang='lat' dir='ltr'><strong>Domabur,</strong></span> <span class='ocrx_word' id='word_1_17' title='bbox 1798 635 2009 707; x_wconf 87' lang='lat' dir='ltr'><strong>quum</strong></span> <span class='ocrx_word' id='word_1_18' title='bbox 2040 614 2133 685; x_wconf 87' lang='lat' dir='ltr'><strong>de</strong></span> <span class='ocrx_word' id='word_1_19' title='bbox 2163 638 2344 707; x_wconf 88' lang='lat' dir='ltr'><strong>pace</strong></span> 
     </span>
     <span class='ocr_line' id='line_1_4' title="bbox 334 710 2342 805; baseline 0.002 -23"><span class='ocrx_word' id='word_1_20' title='bbox 334 733 495 782; x_wconf 92' lang='lat' dir='ltr'><strong>cnm</strong></span> <span class='ocrx_word' id='word_1_21' title='bbox 550 710 776 781; x_wconf 89' lang='lat' dir='ltr'><strong>Danis</strong></span> <span class='ocrx_word' id='word_1_22' title='bbox 828 720 1103 803; x_wconf 85' lang='lat' dir='ltr'><strong>ageret,</strong></span> <span class='ocrx_word' id='word_1_23' title='bbox 1153 710 1242 782; x_wconf 89' lang='lat' dir='ltr'><strong>ab</strong></span> <span class='ocrx_word' id='word_1_24' title='bbox 1274 710 1819 805; x_wconf 74' lang='lat' dir='ltr'><strong>archiepiscopo</strong></span> <span class='ocrx_word' id='word_1_25' title='bbox 1860 712 2134 785; x_wconf 81' lang='lat' dir='ltr'><strong>dedere</strong></span> <span class='ocrx_word' id='word_1_26' title='bbox 2167 736 2342 787; x_wconf 89' lang='lat' dir='ltr'><strong>sese</strong></span> 
     </span>
     <span class='ocr_line' id='line_1_5' title="bbox 332 810 2344 906; baseline 0.003 -25"><span class='ocrx_word' id='word_1_27' title='bbox 332 814 493 903; x_wconf 83' lang='lat' dir='ltr'><strong>regi</strong></span> <span class='ocrx_word' id='word_1_28' title='bbox 542 810 949 883; x_wconf 83' lang='lat' dir='ltr'><strong>Valdemari</strong></span> <span class='ocrx_word' id='word_1_29' title='bbox 1002 812 1443 906; x_wconf 81' lang='lat' dir='ltr'><strong>obsidesque</strong></span> <span class='ocrx_word' id='word_1_30' title='bbox 1500 814 1671 884; x_wconf 82' lang='lat' dir='ltr'><strong>dare</strong></span> <span class='ocrx_word' id='word_1_31' title='bbox 1697 817 1970 904; x_wconf 83' lang='lat' dir='ltr'><strong>jussuS,</strong></span> <span class='ocrx_word' id='word_1_32' title='bbox 2016 825 2344 906; x_wconf 83' lang='lat' dir='ltr'><strong>&#39;sequens‘</strong></span> 
     </span>
     <span class='ocr_line' id='line_1_6' title="bbox 334 909 2342 1005; baseline 0.003 -25"><span class='ocrx_word' id='word_1_33' title='bbox 334 911 706 986; x_wconf 82' lang='lat' dir='ltr'><strong>consilinm</strong></span> <span class='ocrx_word' id='word_1_34' title='bbox 756 909 1307 1005; x_wconf 75' lang='lat' dir='ltr'><strong>archiepiscopo</strong></span> <span class='ocrx_word' id='word_1_35' title='bbox 1360 913 1592 998; x_wconf 86' lang='lat' dir='ltr'><strong>dedit,</strong></span> <span class='ocrx_word' id='word_1_36' title='bbox 1655 912 1770 985; x_wconf 88' lang='lat' dir='ltr'><strong>his</strong></span> <span class='ocrx_word' id='word_1_37' title='bbox 1826 912 2070 984; x_wconf 83' lang='lat' dir='ltr'><strong>verbis</strong></span> <span class='ocrx_word' id='word_1_38' title='bbox 2123 935 2342 987; x_wconf 84' lang='lat' dir='ltr'><strong>usus:</strong></span> 
     </span>
     <span class='ocr_line' id='line_1_7' title="bbox 333 1016 2346 1107; baseline 0.002 -25"><span class='ocrx_word' id='word_1_39' title='bbox 333 1021 408 1084; x_wconf 90' lang='lat' dir='ltr'><strong>tn</strong></span> <span class='ocrx_word' id='word_1_40' title='bbox 459 1016 572 1084; x_wconf 84' lang='lat' dir='ltr'><strong>vir</strong></span> <span class='ocrx_word' id='word_1_41' title='bbox 623 1034 708 1083; x_wconf 93' lang='lat' dir='ltr'><strong>es</strong></span> <span class='ocrx_word' id='word_1_42' title='bbox 761 1034 983 1105; x_wconf 86' lang='lat' dir='ltr'><strong>parvo</strong></span> <span class='ocrx_word' id='word_1_43' title='bbox 1041 1022 1227 1099; x_wconf 77' lang='lat' dir='ltr'><strong>natu,</strong></span> <span class='ocrx_word' id='word_1_44' title='bbox 1278 1033 1515 1107; x_wconf 84' lang='lat' dir='ltr'><strong>neque</strong></span> <span class='ocrx_word' id='word_1_45' title='bbox 1568 1034 1691 1085; x_wconf 89' lang='lat' dir='ltr'><strong>res</strong></span> <span class='ocrx_word' id='word_1_46' title='bbox 1743 1016 2142 1106; x_wconf 74' lang='lat' dir='ltr'><strong>praeteritas</strong></span> <span class='ocrx_word' id='word_1_47' title='bbox 2165 1017 2346 1087; x_wconf 77' lang='lat' dir='ltr'><strong>satis</strong></span> 
     </span>
     <span class='ocr_line' id='line_1_8' title="bbox 334 1113 2338 1207; baseline 0.001 -23"><span class='ocrx_word' id='word_1_48' title='bbox 334 1113 715 1206; x_wconf 78' lang='lat' dir='ltr'><strong>diligenter</strong></span> <span class='ocrx_word' id='word_1_49' title='bbox 767 1115 1061 1200; x_wconf 82' lang='lat' dir='ltr'><strong>notasti3</strong></span> <span class='ocrx_word' id='word_1_50' title='bbox 1115 1135 1206 1183; x_wconf 88' lang='lat' dir='ltr'><strong>ne</strong></span> <span class='ocrx_word' id='word_1_51' title='bbox 1260 1135 1395 1183; x_wconf 86' lang='lat' dir='ltr'><strong>nos</strong></span> <span class='ocrx_word' id='word_1_52' title='bbox 1446 1113 1744 1184; x_wconf 86' lang='lat' dir='ltr'><strong>obsides</strong></span> <span class='ocrx_word' id='word_1_53' title='bbox 1795 1113 2147 1207; x_wconf 82' lang='lat' dir='ltr'><strong>postules,</strong></span> <span class='ocrx_word' id='word_1_54' title='bbox 2196 1137 2338 1187; x_wconf 89' lang='lat' dir='ltr'><strong>nen</strong></span> 
     </span>
     <span class='ocr_line' id='line_1_9' title="bbox 331 1211 2339 1287; baseline 0.001 -2"><span class='ocrx_word' id='word_1_55' title='bbox 331 1224 590 1286; x_wconf 90' lang='lat' dir='ltr'><strong>terram</strong></span> <span class='ocrx_word' id='word_1_56' title='bbox 658 1222 971 1284; x_wconf 86' lang='lat' dir='ltr'><strong>nostram</strong></span> <span class='ocrx_word' id='word_1_57' title='bbox 1039 1216 1252 1285; x_wconf 90' lang='lat' dir='ltr'><strong>armis</strong></span> <span class='ocrx_word' id='word_1_58' title='bbox 1303 1213 1629 1285; x_wconf 83' lang='lat' dir='ltr'><strong>infestes.</strong></span> <span class='ocrx_word' id='word_1_59' title='bbox 1731 1211 1987 1287; x_wconf 90' lang='lat' dir='ltr'><strong>Potius</strong></span> <span class='ocrx_word' id='word_1_60' title='bbox 2059 1215 2339 1287; x_wconf 85' lang='lat' dir='ltr'><strong>domum</strong></span> 
     </span>
     <span class='ocr_line' id='line_1_10' title="bbox 292 1314 2339 1408; baseline 0 -22"><span class='ocrx_word' id='word_1_61' title='bbox 292 1314 595 1386; x_wconf 25' lang='lat' dir='ltr'><strong>‘redeas</strong></span> <span class='ocrx_word' id='word_1_62' title='bbox 647 1334 1039 1407; x_wconf 87' lang='lat' dir='ltr'><strong>pacemque</strong></span> <span class='ocrx_word' id='word_1_63' title='bbox 1092 1314 1457 1385; x_wconf 85' lang='lat' dir='ltr'><strong>nobiscnm</strong></span> <span class='ocrx_word' id='word_1_64' title='bbox 1514 1323 1866 1408; x_wconf 84' lang='lat' dir='ltr'><strong>perpetuo</strong></span> <span class='ocrx_word' id='word_1_65' title='bbox 1918 1314 2155 1402; x_wconf 79' lang='lat' dir='ltr'><strong>colaS,</strong></span> <span class='ocrx_word' id='word_1_66' title='bbox 2212 1317 2339 1387; x_wconf 86' lang='lat' dir='ltr'><strong>do-</strong></span> 
     </span>
     <span class='ocr_line' id='line_1_11' title="bbox 331 1414 2340 1508; baseline 0.001 -24"><span class='ocrx_word' id='word_1_67' title='bbox 331 1436 471 1490; x_wconf 88' lang='lat' dir='ltr'><strong>nec</strong></span> <span class='ocrx_word' id='word_1_68' title='bbox 523 1417 746 1487; x_wconf 89' lang='lat' dir='ltr'><strong>vestri</strong></span> <span class='ocrx_word' id='word_1_69' title='bbox 799 1417 953 1507; x_wconf 83' lang='lat' dir='ltr'><strong>agri</strong></span> <span class='ocrx_word' id='word_1_70' title='bbox 1008 1417 1307 1507; x_wconf 85' lang='lat' dir='ltr'><strong>perinde</strong></span> <span class='ocrx_word' id='word_1_71' title='bbox 1361 1414 1532 1486; x_wconf 91' lang='lat' dir='ltr'><strong>culti</strong></span> <span class='ocrx_word' id='word_1_72' title='bbox 1593 1425 1759 1487; x_wconf 85' lang='lat' dir='ltr'><strong>sunt</strong></span> <span class='ocrx_word' id='word_1_73' title='bbox 1823 1437 2028 1508; x_wconf 87' lang='lat' dir='ltr'><strong>quam</strong></span> <span class='ocrx_word' id='word_1_74' title='bbox 2082 1419 2340 1506; x_wconf 88' lang='lat' dir='ltr'><strong>nostri;</strong></span> 
     </span>
     <span class='ocr_line' id='line_1_12' title="bbox 331 1517 2340 1610; baseline 0.001 -25"><span class='ocrx_word' id='word_1_75' title='bbox 331 1538 542 1609; x_wconf 85' lang='lat' dir='ltr'><strong>quum</strong></span> <span class='ocrx_word' id='word_1_76' title='bbox 597 1517 781 1585; x_wconf 88' lang='lat' dir='ltr'><strong>enim</strong></span> <span class='ocrx_word' id='word_1_77' title='bbox 836 1536 1085 1608; x_wconf 86' lang='lat' dir='ltr'><strong>magna</strong></span> <span class='ocrx_word' id='word_1_78' title='bbox 1135 1539 1304 1610; x_wconf 84' lang='lat' dir='ltr'><strong>pars</strong></span> <span class='ocrx_word' id='word_1_79' title='bbox 1356 1519 1510 1606; x_wconf 83' lang='lat' dir='ltr'><strong>agri</strong></span> <span class='ocrx_word' id='word_1_80' title='bbox 1559 1518 1784 1588; x_wconf 88' lang='lat' dir='ltr'><strong>vestri</strong></span> <span class='ocrx_word' id='word_1_81' title='bbox 1835 1538 2056 1588; x_wconf 89' lang='lat' dir='ltr'><strong>vacua</strong></span> <span class='ocrx_word' id='word_1_82' title='bbox 2113 1530 2187 1588; x_wconf 88' lang='lat' dir='ltr'><strong>et</strong></span> <span class='ocrx_word' id='word_1_83' title='bbox 2233 1520 2340 1587; x_wconf 89' lang='lat' dir='ltr'><strong>in·</strong></span> 
     </span>
     <span class='ocr_line' id='line_1_13' title="bbox 332 1615 2341 1712; baseline 0.001 -25"><span class='ocrx_word' id='word_1_84' title='bbox 332 1615 524 1687; x_wconf 84' lang='lat' dir='ltr'><strong>culta</strong></span> <span class='ocrx_word' id='word_1_85' title='bbox 564 1619 834 1707; x_wconf 87' lang='lat' dir='ltr'><strong>jaceat,</strong></span> <span class='ocrx_word' id='word_1_86' title='bbox 910 1619 982 1686; x_wconf 90' lang='lat' dir='ltr'><strong>in</strong></span> <span class='ocrx_word' id='word_1_87' title='bbox 1034 1638 1246 1709; x_wconf 83' lang='lat' dir='ltr'><strong>pace,</strong></span> <span class='ocrx_word' id='word_1_88' title='bbox 1327 1638 1532 1712; x_wconf 82' lang='lat' dir='ltr'><strong>quam</strong></span> <span class='ocrx_word' id='word_1_89' title='bbox 1585 1616 1819 1703; x_wconf 89' lang='lat' dir='ltr'><strong>bello,</strong></span> <span class='ocrx_word' id='word_1_90' title='bbox 1900 1637 2074 1689; x_wconf 88' lang='lat' dir='ltr'><strong>esse</strong></span> <span class='ocrx_word' id='word_1_91' title='bbox 2133 1618 2341 1689; x_wconf 89' lang='lat' dir='ltr'><strong>vobis</strong></span> 
     </span>
     <span class='ocr_line' id='line_1_14' title="bbox 331 1716 2340 1812; baseline 0.002 -26"><span class='ocrx_word' id='word_1_92' title='bbox 331 1719 556 1809; x_wconf 85' lang='lat' dir='ltr'><strong>magis</strong></span> <span class='ocrx_word' id='word_1_93' title='bbox 610 1716 918 1811; x_wconf 84' lang='lat' dir='ltr'><strong>expedit.</strong></span> <span class='ocrx_word' id='word_1_94' title='bbox 1020 1718 1138 1790; x_wconf 86' lang='lat' dir='ltr'><strong>Ad</strong></span> <span class='ocrx_word' id='word_1_95' title='bbox 1191 1740 1352 1812; x_wconf 83' lang='lat' dir='ltr'><strong>quae</strong></span> <span class='ocrx_word' id='word_1_96' title='bbox 1403 1717 2030 1812; x_wconf 80' lang='lat' dir='ltr'><strong>archiepiscopus:</strong></span> <span class='ocrx_word' id='word_1_97' title='bbox 2082 1731 2207 1791; x_wconf 92' lang='lat' dir='ltr'><strong>tuo</strong></span> <span class='ocrx_word' id='word_1_98' title='bbox 2237 1721 2340 1790; x_wconf 89' lang='lat' dir='ltr'><strong>uti</strong></span> 
     </span>
     <span class='ocr_line' id='line_1_15' title="bbox 333 1816 2340 1917; baseline 0 -29"><span class='ocrx_word' id='word_1_99' title='bbox 333 1816 636 1889; x_wconf 89' lang='lat' dir='ltr'><strong>consilio</strong></span> <span class='ocrx_word' id='word_1_100' title='bbox 690 1816 1017 1910; x_wconf 83' lang='lat' dir='ltr'><strong>pervelle</strong></span> <span class='ocrx_word' id='word_1_101' title='bbox 1069 1840 1318 1917; x_wconf 83' lang='lat' dir='ltr'><strong>regem</strong></span> <span class='ocrx_word' id='word_1_102' title='bbox 1370 1817 1871 1890; x_wconf 71' lang='lat' dir='ltr'><strong>Valdennarem</strong></span> <span class='ocrx_word' id='word_1_103' title='bbox 1915 1821 2095 1905; x_wconf 89' lang='lat' dir='ltr'><strong>scio,</strong></span> <span class='ocrx_word' id='word_1_104' title='bbox 2147 1820 2340 1914; x_wconf 79' lang='lat' dir='ltr'><strong>quod</strong></span> 
     </span>
    </p>
   </div>
   <div class='ocr_carea' id='block_1_3' title="bbox 210 1920 2340 2011">
    <p class='ocr_par' dir='ltr' id='par_1_3' title="bbox 210 1920 2340 2011">
     <span class='ocr_line' id='line_1_16' title="bbox 210 1920 2340 2011; baseline -0 -22"><span class='ocrx_word' id='word_1_105' title='bbox 210 1966 219 1970; x_wconf 93' lang='lat'><em>-</em></span> <span class='ocrx_word' id='word_1_106' title='bbox 330 1930 833 2011; x_wconf 75' lang='lat' dir='ltr'><strong>meo‘quoque</strong></span> <span class='ocrx_word' id='word_1_107' title='bbox 885 1922 1113 1989; x_wconf 89' lang='lat' dir='ltr'><strong>animo</strong></span> <span class='ocrx_word' id='word_1_108' title='bbox 1165 1920 1470 2007; x_wconf 84' lang='lat' dir='ltr'><strong>adridet3</strong></span> <span class='ocrx_word' id='word_1_109' title='bbox 1549 1922 1764 2011; x_wconf 83' lang='lat' dir='ltr'><strong>igitur</strong></span> <span class='ocrx_word' id='word_1_110' title='bbox 1826 1920 2105 1990; x_wconf 84' lang='lat' dir='ltr'><strong>domum</strong></span> <span class='ocrx_word' id='word_1_111' title='bbox 2157 1920 2340 2004; x_wconf 86' lang='lat' dir='ltr'><strong>redi,</strong></span> 
     </span>
    </p>
   </div>
   <div class='ocr_carea' id='block_1_4' title="bbox 320 2017 2340 4024">
    <p class='ocr_par' dir='ltr' id='par_1_4' title="bbox 320 2017 2340 4024">
     <span class='ocr_line' id='line_1_17' title="bbox 329 2017 2339 2112; baseline -0 -23"><span class='ocrx_word' id='word_1_112' title='bbox 329 2022 554 2111; x_wconf 85' lang='lat' dir='ltr'><strong>inquit</strong></span> <span class='ocrx_word' id='word_1_113' title='bbox 602 2017 1212 2112; x_wconf 82' lang='lat' dir='ltr'><strong>archiepiscopuS,</strong></span> <span class='ocrx_word' id='word_1_114' title='bbox 1268 2017 1707 2111; x_wconf 85' lang='lat' dir='ltr'><strong>Raengisque</strong></span> <span class='ocrx_word' id='word_1_115' title='bbox 1761 2021 1856 2088; x_wconf 91' lang='lat' dir='ltr'><strong>ita</strong></span> <span class='ocrx_word' id='word_1_116' title='bbox 1902 2022 2160 2104; x_wconf 86' lang='lat' dir='ltr'><strong>nuntia,</strong></span> <span class='ocrx_word' id='word_1_117' title='bbox 2212 2019 2339 2089; x_wconf 86' lang='lat' dir='ltr'><strong>oh·</strong></span> 
     </span>
     <span class='ocr_line' id='line_1_18' title="bbox 327 2118 2338 2211; baseline -0.001 -21"><span class='ocrx_word' id='word_1_118' title='bbox 327 2119 531 2191; x_wconf 86' lang='lat' dir='ltr'><strong>sides</strong></span> <span class='ocrx_word' id='word_1_119' title='bbox 582 2139 725 2188; x_wconf 88' lang='lat' dir='ltr'><strong>non</strong></span> <span class='ocrx_word' id='word_1_120' title='bbox 776 2121 972 2210; x_wconf 88' lang='lat' dir='ltr'><strong>prius</strong></span> <span class='ocrx_word' id='word_1_121' title='bbox 1028 2118 1372 2211; x_wconf 87' lang='lat' dir='ltr'><strong>postulari</strong></span> <span class='ocrx_word' id='word_1_122' title='bbox 1421 2140 1463 2188; x_wconf 88' lang='lat' dir='ltr'><strong>a</strong></span> <span class='ocrx_word' id='word_1_123' title='bbox 1520 2118 1748 2203; x_wconf 86' lang='lat' dir='ltr'><strong>nobis,</strong></span> <span class='ocrx_word' id='word_1_124' title='bbox 1799 2139 2001 2211; x_wconf 87' lang='lat' dir='ltr'><strong>quam</strong></span> <span class='ocrx_word' id='word_1_125' title='bbox 2034 2119 2338 2189; x_wconf 84' lang='lat' dir='ltr'><strong>offeran-</strong></span> 
     </span>
     <span class='ocr_line' id='line_1_19' title="bbox 328 2217 2338 2305; baseline -0 -13"><span class='ocrx_word' id='word_1_126' title='bbox 328 2232 442 2292; x_wconf 84' lang='lat' dir='ltr'><strong>tur</strong></span> <span class='ocrx_word' id='word_1_127' title='bbox 492 2219 581 2289; x_wconf 87' lang='lat' dir='ltr'><strong>ab</strong></span> <span class='ocrx_word' id='word_1_128' title='bbox 635 2218 798 2290; x_wconf 89' lang='lat' dir='ltr'><strong>illis.</strong></span> <span class='ocrx_word' id='word_1_129' title='bbox 901 2217 1240 2291; x_wconf 88' lang='lat' dir='ltr'><strong>Reverso</strong></span> <span class='ocrx_word' id='word_1_130' title='bbox 1291 2219 1457 2289; x_wconf 88' lang='lat' dir='ltr'><strong>inde</strong></span> <span class='ocrx_word' id='word_1_131' title='bbox 1509 2217 1949 2305; x_wconf 87' lang='lat' dir='ltr'><strong>Domabure,</strong></span> <span class='ocrx_word' id='word_1_132' title='bbox 2004 2240 2135 2289; x_wconf 85' lang='lat' dir='ltr'><strong>rex</strong></span> <span class='ocrx_word' id='word_1_133' title='bbox 2170 2218 2338 2291; x_wconf 84' lang='lat' dir='ltr'><strong>Val-</strong></span> 
     </span>
     <span class='ocr_line' id='line_1_20' title="bbox 331 2317 2339 2414; baseline -0.001 -22"><span class='ocrx_word' id='word_1_134' title='bbox 331 2321 574 2392; x_wconf 85' lang='lat' dir='ltr'><strong>demar</strong></span> <span class='ocrx_word' id='word_1_135' title='bbox 641 2319 946 2392; x_wconf 79' lang='lat' dir='ltr'><strong>classem</strong></span> <span class='ocrx_word' id='word_1_136' title='bbox 1002 2323 1073 2390; x_wconf 90' lang='lat' dir='ltr'><strong>in</strong></span> <span class='ocrx_word' id='word_1_137' title='bbox 1124 2330 1400 2413; x_wconf 90' lang='lat' dir='ltr'><strong>portum</strong></span> <span class='ocrx_word' id='word_1_138' title='bbox 1455 2318 1854 2405; x_wconf 86' lang='lat' dir='ltr'><strong>Reensem,</strong></span> <span class='ocrx_word' id='word_1_139' title='bbox 1935 2317 2339 2414; x_wconf 80' lang='lat' dir='ltr'><strong>Skaparad-</strong></span> 
     </span>
     <span class='ocr_line' id='line_1_21' title="bbox 330 2418 2338 2515; baseline 0 -22"><span class='ocrx_word' id='word_1_140' title='bbox 330 2418 527 2493; x_wconf 81' lang='lat' dir='ltr'><strong>dam²</strong></span> <span class='ocrx_word' id='word_1_141' title='bbox 581 2421 882 2507; x_wconf 84' lang='lat' dir='ltr'><strong>dictum,</strong></span> <span class='ocrx_word' id='word_1_142' title='bbox 962 2420 1267 2515; x_wconf 80' lang='lat' dir='ltr'><strong>appulit,</strong></span> <span class='ocrx_word' id='word_1_143' title='bbox 1351 2430 1423 2492; x_wconf 86' lang='lat' dir='ltr'><strong>et</strong></span> <span class='ocrx_word' id='word_1_144' title='bbox 1490 2443 1646 2492; x_wconf 91' lang='lat' dir='ltr'><strong>cum</strong></span> <span class='ocrx_word' id='word_1_145' title='bbox 1717 2420 2046 2493; x_wconf 84' lang='lat' dir='ltr'><strong>omnibus</strong></span> <span class='ocrx_word' id='word_1_146' title='bbox 2110 2424 2338 2515; x_wconf 88' lang='lat' dir='ltr'><strong>copiis</strong></span> 
     </span>
     <span class='ocr_line' id='line_1_22' title="bbox 330 2522 2340 2617; baseline 0 -25"><span class='ocrx_word' id='word_1_147' title='bbox 330 2543 680 2615; x_wconf 86' lang='lat' dir='ltr'><strong>egressus</strong></span> <span class='ocrx_word' id='word_1_148' title='bbox 733 2532 847 2593; x_wconf 88' lang='lat' dir='ltr'><strong>est</strong></span> <span class='ocrx_word' id='word_1_149' title='bbox 897 2522 982 2592; x_wconf 87' lang='lat' dir='ltr'><strong>ad</strong></span> <span class='ocrx_word' id='word_1_150' title='bbox 1015 2522 1371 2614; x_wconf 86' lang='lat' dir='ltr'><strong>oppidum,</strong></span> <span class='ocrx_word' id='word_1_151' title='bbox 1424 2522 1778 2594; x_wconf 81' lang='lat' dir='ltr'><strong>Arconam</strong></span> <span class='ocrx_word' id='word_1_152' title='bbox 1812 2523 2092 2606; x_wconf 86' lang='lat' dir='ltr'><strong>dictum,</strong></span> <span class='ocrx_word' id='word_1_153' title='bbox 2145 2523 2340 2617; x_wconf 84' lang='lat' dir='ltr'><strong>qnod</strong></span> 
     </span>
     <span class='ocr_line' id='line_1_23' title="bbox 329 2620 2338 2719; baseline 0 -26"><span class='ocrx_word' id='word_1_154' title='bbox 329 2623 659 2716; x_wconf 86' lang='lat' dir='ltr'><strong>oppidum</strong></span> <span class='ocrx_word' id='word_1_155' title='bbox 729 2622 817 2693; x_wconf 87' lang='lat' dir='ltr'><strong>ab</strong></span> <span class='ocrx_word' id='word_1_156' title='bbox 885 2621 1133 2694; x_wconf 88' lang='lat' dir='ltr'><strong>Eiriko</strong></span> <span class='ocrx_word' id='word_1_157' title='bbox 1197 2620 1499 2719; x_wconf 86' lang='lat' dir='ltr'><strong>Emunio</strong></span> <span class='ocrx_word' id='word_1_158' title='bbox 1553 2632 2027 2716; x_wconf 82' lang='lat' dir='ltr'><strong>expugnatum</strong></span> <span class='ocrx_word' id='word_1_159' title='bbox 2084 2623 2338 2708; x_wconf 85' lang='lat' dir='ltr'><strong>fuerat,</strong></span> 
     </span>
     <span class='ocr_line' id='line_1_24' title="bbox 331 2722 2336 2816; baseline -0 -23"><span class='ocrx_word' id='word_1_160' title='bbox 331 2722 922 2816; x_wconf 84' lang='lat' dir='ltr'><strong>quemadmodum</strong></span> <span class='ocrx_word' id='word_1_161' title='bbox 976 2744 1193 2814; x_wconf 87' lang='lat' dir='ltr'><strong>supra</strong></span> <span class='ocrx_word' id='word_1_162' title='bbox 1244 2725 1319 2791; x_wconf 89' lang='lat' dir='ltr'><strong>iu</strong></span> <span class='ocrx_word' id='word_1_163' title='bbox 1364 2722 1506 2794; x_wconf 87' lang='lat' dir='ltr'><strong>hoc</strong></span> <span class='ocrx_word' id='word_1_164' title='bbox 1559 2722 1742 2793; x_wconf 86' lang='lat' dir='ltr'><strong>libro</strong></span> <span class='ocrx_word' id='word_1_165' title='bbox 1779 2724 2336 2795; x_wconf 89' lang='lat' dir='ltr'><strong>demonstratum</strong></span> 
     </span>
     <span class='ocr_line' id='line_1_25' title="bbox 330 2822 2335 2917; baseline 0.001 -25"><span class='ocrx_word' id='word_1_166' title='bbox 330 2832 461 2894; x_wconf 83' lang='lat' dir='ltr'><strong>est.</strong></span> <span class='ocrx_word' id='word_1_167' title='bbox 562 2822 694 2894; x_wconf 88' lang='lat' dir='ltr'><strong>Hic</strong></span> <span class='ocrx_word' id='word_1_168' title='bbox 747 2823 998 2916; x_wconf 76' lang='lat' dir='ltr'><strong>Raengi</strong></span> <span class='ocrx_word' id='word_1_169' title='bbox 1041 2822 1513 2917; x_wconf 83' lang='lat' dir='ltr'><strong>(Rugienses)</strong></span> <span class='ocrx_word' id='word_1_170' title='bbox 1550 2827 1708 2916; x_wconf 84' lang='lat' dir='ltr'><strong>regi</strong></span> <span class='ocrx_word' id='word_1_171' title='bbox 1736 2822 2145 2894; x_wconf 87' lang='lat' dir='ltr'><strong>Valdemari</strong></span> <span class='ocrx_word' id='word_1_172' title='bbox 2176 2846 2335 2894; x_wconf 87' lang='lat' dir='ltr'><strong>cum</strong></span> 
     </span>
     <span class='ocr_line' id='line_1_26' title="bbox 326 2923 2335 3018; baseline 0.001 -25"><span class='ocrx_word' id='word_1_173' title='bbox 326 2927 688 2995; x_wconf 84' lang='lat' dir='ltr'><strong>immensis</strong></span> <span class='ocrx_word' id='word_1_174' title='bbox 738 2927 966 3017; x_wconf 89' lang='lat' dir='ltr'><strong>copiis</strong></span> <span class='ocrx_word' id='word_1_175' title='bbox 1019 2924 1514 3009; x_wconf 86' lang='lat' dir='ltr'><strong>obcurrerunt,</strong></span> <span class='ocrx_word' id='word_1_176' title='bbox 1568 2936 1643 2995; x_wconf 88' lang='lat' dir='ltr'><strong>et</strong></span> <span class='ocrx_word' id='word_1_177' title='bbox 1692 2923 2016 3018; x_wconf 87' lang='lat' dir='ltr'><strong>proelium</strong></span> <span class='ocrx_word' id='word_1_178' title='bbox 2053 2944 2335 2995; x_wconf 36' lang='lat' dir='ltr'><strong>cum‘eo</strong></span> 
     </span>
     <span class='ocr_line' id='line_1_27' title="bbox 327 3024 2336 3118; baseline 0.001 -23"><span class='ocrx_word' id='word_1_179' title='bbox 327 3025 866 3112; x_wconf 82' lang='lat' dir='ltr'><strong>commiserunt3</strong></span> <span class='ocrx_word' id='word_1_180' title='bbox 950 3029 1018 3094; x_wconf 90' lang='lat' dir='ltr'><strong>in</strong></span> <span class='ocrx_word' id='word_1_181' title='bbox 1071 3047 1214 3118; x_wconf 88' lang='lat' dir='ltr'><strong>qno</strong></span> <span class='ocrx_word' id='word_1_182' title='bbox 1264 3024 1517 3118; x_wconf 85' lang='lat' dir='ltr'><strong>proelio</strong></span> <span class='ocrx_word' id='word_1_183' title='bbox 1587 3046 1719 3095; x_wconf 88' lang='lat' dir='ltr'><strong>rex</strong></span> <span class='ocrx_word' id='word_1_184' title='bbox 1786 3024 2171 3097; x_wconf 86' lang='lat' dir='ltr'><strong>Valdemar</strong></span> <span class='ocrx_word' id='word_1_185' title='bbox 2235 3028 2336 3097; x_wconf 85' lang='lat' dir='ltr'><strong>vi·</strong></span> 
     </span>
     <span class='ocr_line' id='line_1_28' title="bbox 325 3125 2336 3218; baseline 0.001 -22"><span class='ocrx_word' id='word_1_186' title='bbox 325 3127 549 3196; x_wconf 85' lang='lat' dir='ltr'><strong>ctoria</strong></span> <span class='ocrx_word' id='word_1_187' title='bbox 599 3127 864 3218; x_wconf 88' lang='lat' dir='ltr'><strong>potitus</strong></span> <span class='ocrx_word' id='word_1_188' title='bbox 916 3138 1068 3212; x_wconf 90' lang='lat' dir='ltr'><strong>est,</strong></span> <span class='ocrx_word' id='word_1_189' title='bbox 1121 3147 1216 3195; x_wconf 82' lang='lat' dir='ltr'><strong>ex</strong></span> <span class='ocrx_word' id='word_1_190' title='bbox 1268 3125 1563 3217; x_wconf 84' lang='lat' dir='ltr'><strong>Raengis</strong></span> <span class='ocrx_word' id='word_1_191' title='bbox 1615 3135 1933 3198; x_wconf 89' lang='lat' dir='ltr'><strong>trecenta</strong></span> <span class='ocrx_word' id='word_1_192' title='bbox 1973 3127 2188 3199; x_wconf 84' lang='lat' dir='ltr'><strong>millia</strong></span> <span class='ocrx_word' id='word_1_193' title='bbox 2215 3148 2336 3198; x_wconf 89' lang='lat' dir='ltr'><strong>ce·</strong></span> 
     </span>
     <span class='ocr_line' id='line_1_29' title="bbox 325 3224 2336 3320; baseline -0 -22"><span class='ocrx_word' id='word_1_194' title='bbox 325 3225 692 3310; x_wconf 84' lang='lat' dir='ltr'><strong>ciderunt,</strong></span> <span class='ocrx_word' id='word_1_195' title='bbox 771 3224 1023 3318; x_wconf 88' lang='lat' dir='ltr'><strong>proelio</strong></span> <span class='ocrx_word' id='word_1_196' title='bbox 1082 3230 1515 3319; x_wconf 86' lang='lat' dir='ltr'><strong>superstites</strong></span> <span class='ocrx_word' id='word_1_197' title='bbox 1576 3226 2021 3320; x_wconf 73' lang='lat' dir='ltr'><strong>aufugerunt.</strong></span> <span class='ocrx_word' id='word_1_198' title='bbox 2158 3226 2336 3297; x_wconf 85' lang='lat' dir='ltr'><strong>Inde</strong></span> 
     </span>
     <span class='ocr_line' id='line_1_30' title="bbox 323 3324 2336 3399; baseline 0.001 -4"><span class='ocrx_word' id='word_1_199' title='bbox 323 3325 510 3397; x_wconf 86' lang='lat' dir='ltr'><strong>Dani</strong></span> <span class='ocrx_word' id='word_1_200' title='bbox 578 3324 668 3396; x_wconf 83' lang='lat' dir='ltr'><strong>ad</strong></span> <span class='ocrx_word' id='word_1_201' title='bbox 734 3326 1029 3399; x_wconf 90' lang='lat' dir='ltr'><strong>insulam</strong></span> <span class='ocrx_word' id='word_1_202' title='bbox 1092 3326 1396 3399; x_wconf 84' lang='lat' dir='ltr'><strong>Hedinis</strong></span> <span class='ocrx_word' id='word_1_203' title='bbox 1457 3350 1545 3399; x_wconf 89' lang='lat' dir='ltr'><strong>se</strong></span> <span class='ocrx_word' id='word_1_204' title='bbox 1600 3327 2068 3399; x_wconf 88' lang='lat' dir='ltr'><strong>contulerunt.</strong></span> <span class='ocrx_word' id='word_1_205' title='bbox 2161 3326 2336 3397; x_wconf 72' lang='lat' dir='ltr'><strong>‘Hic</strong></span> 
     </span>
     <span class='ocr_line' id='line_1_31' title="bbox 323 3427 2335 3522; baseline -0 -23"><span class='ocrx_word' id='word_1_206' title='bbox 323 3450 536 3522; x_wconf 77' lang='lat' dir='ltr'><strong>quum</strong></span> <span class='ocrx_word' id='word_1_207' title='bbox 589 3438 1079 3513; x_wconf 74' lang='lat' dir='ltr'><strong>versarentur,</strong></span> <span class='ocrx_word' id='word_1_208' title='bbox 1125 3427 1383 3520; x_wconf 85' lang='lat' dir='ltr'><strong>Raengi</strong></span> <span class='ocrx_word' id='word_1_209' title='bbox 1433 3428 1523 3498; x_wconf 87' lang='lat' dir='ltr'><strong>ad</strong></span> <span class='ocrx_word' id='word_1_210' title='bbox 1581 3449 1714 3499; x_wconf 89' lang='lat' dir='ltr'><strong>eos</strong></span> <span class='ocrx_word' id='word_1_211' title='bbox 1739 3433 2114 3512; x_wconf 83' lang='lat' dir='ltr'><strong>venerunt,</strong></span> <span class='ocrx_word' id='word_1_212' title='bbox 2166 3448 2335 3519; x_wconf 86' lang='lat' dir='ltr'><strong>qua-</strong></span> 
     </span>
     <span class='ocr_line' id='line_1_32' title="bbox 323 3525 2335 3620; baseline 0 -21"><span class='ocrx_word' id='word_1_213' title='bbox 323 3525 522 3599; x_wconf 71' lang='lat' dir='ltr'><strong>tuor-³</strong></span> <span class='ocrx_word' id='word_1_214' title='bbox 575 3527 877 3600; x_wconf 84' lang='lat' dir='ltr'><strong>obsides</strong></span> <span class='ocrx_word' id='word_1_215' title='bbox 930 3527 1405 3618; x_wconf 82' lang='lat' dir='ltr'><strong>tradiderunt,</strong></span> <span class='ocrx_word' id='word_1_216' title='bbox 1484 3530 1713 3601; x_wconf 82' lang='lat' dir='ltr'><strong>omnia</strong></span> <span class='ocrx_word' id='word_1_217' title='bbox 1767 3549 1927 3620; x_wconf 86' lang='lat' dir='ltr'><strong>quae</strong></span> <span class='ocrx_word' id='word_1_218' title='bbox 1979 3525 2335 3620; x_wconf 91' lang='lat' dir='ltr'><strong>postulas·</strong></span> 
     </span>
     <span class='ocr_line' id='line_1_33' title="bbox 322 3626 2335 3722; baseline 0.001 -24"><span class='ocrx_word' id='word_1_219' title='bbox 322 3637 488 3698; x_wconf 90' lang='lat' dir='ltr'><strong>sent</strong></span> <span class='ocrx_word' id='word_1_220' title='bbox 536 3649 621 3699; x_wconf 92' lang='lat' dir='ltr'><strong>se</strong></span> <span class='ocrx_word' id='word_1_221' title='bbox 672 3628 989 3700; x_wconf 85' lang='lat' dir='ltr'><strong>facturos</strong></span> <span class='ocrx_word' id='word_1_222' title='bbox 1042 3626 1359 3722; x_wconf 90' lang='lat' dir='ltr'><strong>polliciti.</strong></span> <span class='ocrx_word' id='word_1_223' title='bbox 1464 3626 1627 3718; x_wconf 79' lang='lat' dir='ltr'><strong>Qua</strong></span> <span class='ocrx_word' id='word_1_224' title='bbox 1690 3636 2048 3722; x_wconf 86' lang='lat' dir='ltr'><strong>reportata</strong></span> <span class='ocrx_word' id='word_1_225' title='bbox 2113 3630 2335 3700; x_wconf 87' lang='lat' dir='ltr'><strong>victo-</strong></span> 
     </span>
     <span class='ocr_line' id='line_1_34' title="bbox 323 3728 2336 3820; baseline 0 -22"><span class='ocrx_word' id='word_1_226' title='bbox 323 3729 427 3798; x_wconf 83' lang='lat' dir='ltr'><strong>ria</strong></span> <span class='ocrx_word' id='word_1_227' title='bbox 478 3748 612 3807; x_wconf 86' lang='lat' dir='ltr'><strong>rex</strong></span> <span class='ocrx_word' id='word_1_228' title='bbox 662 3729 1050 3801; x_wconf 82' lang='lat' dir='ltr'><strong>Valdeinar</strong></span> <span class='ocrx_word' id='word_1_229' title='bbox 1098 3730 1167 3797; x_wconf 88' lang='lat' dir='ltr'><strong>in</strong></span> <span class='ocrx_word' id='word_1_230' title='bbox 1216 3749 1514 3820; x_wconf 86' lang='lat' dir='ltr'><strong>regnum</strong></span> <span class='ocrx_word' id='word_1_231' title='bbox 1570 3750 1777 3800; x_wconf 88' lang='lat' dir='ltr'><strong>sunm</strong></span> <span class='ocrx_word' id='word_1_232' title='bbox 1834 3728 2065 3802; x_wconf 85' lang='lat' dir='ltr'><strong>rediit.</strong></span> <span class='ocrx_word' id='word_1_233' title='bbox 2168 3728 2336 3799; x_wconf 83' lang='lat' dir='ltr'><strong>Rex</strong></span> 
     </span>
     <span class='ocr_line' id='line_1_35' title="bbox 320 3826 2333 3924; baseline 0 -27"><span class='ocrx_word' id='word_1_234' title='bbox 320 3826 709 3899; x_wconf 86' lang='lat' dir='ltr'><strong>Valdemar</strong></span> <span class='ocrx_word' id='word_1_235' title='bbox 755 3834 1096 3923; x_wconf 86' lang='lat' dir='ltr'><strong>proxima,</strong></span> <span class='ocrx_word' id='word_1_236' title='bbox 1149 3850 1353 3923; x_wconf 86' lang='lat' dir='ltr'><strong>qnam</strong></span> <span class='ocrx_word' id='word_1_237' title='bbox 1407 3837 1574 3924; x_wconf 90' lang='lat' dir='ltr'><strong>post</strong></span> <span class='ocrx_word' id='word_1_238' title='bbox 1623 3828 1804 3900; x_wconf 88' lang='lat' dir='ltr'><strong>hanc</strong></span> <span class='ocrx_word' id='word_1_239' title='bbox 1854 3828 2057 3915; x_wconf 82' lang='lat' dir='ltr'><strong>fecit,</strong></span> <span class='ocrx_word' id='word_1_240' title='bbox 2111 3849 2333 3922; x_wconf 85' lang='lat' dir='ltr'><strong>expe·</strong></span> 
     </span>
     <span class='ocr_line' id='line_1_36' title="bbox 326 3927 2335 4024; baseline 0 -26"><span class='ocrx_word' id='word_1_241' title='bbox 326 3929 593 4000; x_wconf 87' lang='lat' dir='ltr'><strong>ditione</strong></span> <span class='ocrx_word' id='word_1_242' title='bbox 648 3927 975 4002; x_wconf 87' lang='lat' dir='ltr'><strong>Straelam</strong></span> <span class='ocrx_word' id='word_1_243' title='bbox 1030 3931 1396 4024; x_wconf 83' lang='lat' dir='ltr'><strong>profectus</strong></span> <span class='ocrx_word' id='word_1_244' title='bbox 1449 3940 1580 4001; x_wconf 89' lang='lat' dir='ltr'><strong>est.</strong></span> <span class='ocrx_word' id='word_1_245' title='bbox 1702 3927 1882 4000; x_wconf 86' lang='lat' dir='ltr'><strong>Tum</strong></span> <span class='ocrx_word' id='word_1_246' title='bbox 1950 3932 2335 4021; x_wconf 91' lang='lat' dir='ltr'><strong>episcopus</strong></span> 
     </span>
    </p>
   </div>
   <div class='ocr_carea' id='block_1_5' title="bbox 322 4046 2331 4235">
    <p class='ocr_par' dir='ltr' id='par_1_5' title="bbox 322 4046 2331 4235">
     <span class='ocr_line' id='line_1_37' title="bbox 340 4046 2331 4143; baseline -0.001 -18"><span class='ocrx_word' id='word_1_247' title='bbox 340 4116 349 4125; x_wconf 91' lang='lat'><em>.</em></span> <span class='ocrx_word' id='word_1_248' title='bbox 396 4068 441 4134; x_wconf 90' lang='lat'><strong>¹)</strong></span> <span class='ocrx_word' id='word_1_249' title='bbox 480 4072 514 4123; x_wconf 82' lang='lat' dir='ltr'><strong>i.</strong></span> <span class='ocrx_word' id='word_1_250' title='bbox 553 4094 597 4125; x_wconf 80' lang='lat' dir='ltr'><strong>c.</strong></span> <span class='ocrx_word' id='word_1_251' title='bbox 635 4071 878 4143; x_wconf 72' lang='lat' dir='ltr'><strong>Rugiam.</strong></span> <span class='ocrx_word' id='word_1_252' title='bbox 987 4072 1035 4138; x_wconf 82' lang='lat'><strong>²)</strong></span> <span class='ocrx_word' id='word_1_253' title='bbox 1076 4072 1236 4127; x_wconf 83' lang='lat' dir='ltr'><strong>hodie</strong></span> <span class='ocrx_word' id='word_1_254' title='bbox 1276 4071 1417 4126; x_wconf 65' lang='lat' dir='ltr'><strong>vicus</strong></span> <span class='ocrx_word' id='word_1_255' title='bbox 1454 4046 1775 4138; x_wconf 62' lang='lat' dir='ltr'><strong>Selaima-ode</strong></span> <span class='ocrx_word' id='word_1_256' title='bbox 1811 4069 1865 4123; x_wconf 81' lang='lat' dir='ltr'><strong>in</strong></span> <span class='ocrx_word' id='word_1_257' title='bbox 1903 4089 1993 4122; x_wconf 80' lang='lat' dir='ltr'><strong>ora</strong></span> <span class='ocrx_word' id='word_1_258' title='bbox 2020 4068 2203 4141; x_wconf 70' lang='lat' dir='ltr'><strong>Rugiae</strong></span> <span class='ocrx_word' id='word_1_259' title='bbox 2239 4089 2331 4123; x_wconf 84' lang='lat' dir='ltr'><strong>oc-</strong></span> 
     </span>
     <span class='ocr_line' id='line_1_38' title="bbox 322 4159 2330 4235; baseline 0 -20"><span class='ocrx_word' id='word_1_260' title='bbox 322 4159 590 4230; x_wconf 67' lang='lat' dir='ltr'><strong>cidental33</strong></span> <span class='ocrx_word' id='word_1_261' title='bbox 627 4163 683 4216; x_wconf 81' lang='lat' dir='ltr'><strong>in</strong></span> <span class='ocrx_word' id='word_1_262' title='bbox 723 4164 1018 4235; x_wconf 72' lang='lat' dir='ltr'><strong>diplomatis</strong></span> <span class='ocrx_word' id='word_1_263' title='bbox 1056 4164 1214 4219; x_wconf 80' lang='lat' dir='ltr'><strong>medii</strong></span> <span class='ocrx_word' id='word_1_264' title='bbox 1252 4164 1346 4222; x_wconf 69' lang='lat' dir='ltr'><strong>aevi</strong></span> <span class='ocrx_word' id='word_1_265' title='bbox 1385 4162 1663 4221; x_wconf 78' lang='lat' dir='ltr'><strong>Szabroda.</strong></span> <span class='ocrx_word' id='word_1_266' title='bbox 1775 4163 1820 4232; x_wconf 82' lang='lat'><strong>⁸)</strong></span> <span class='ocrx_word' id='word_1_267' title='bbox 1859 4177 2071 4235; x_wconf 76' lang='lat' dir='ltr'><strong>septem,</strong></span> <span class='ocrx_word' id='word_1_268' title='bbox 2111 4161 2173 4230; x_wconf 82' lang='lat' dir='ltr'><strong>G,</strong></span> <span class='ocrx_word' id='word_1_269' title='bbox 2196 4161 2252 4228; x_wconf 82' lang='lat' dir='ltr'><strong>S,</strong></span> <span class='ocrx_word' id='word_1_270' title='bbox 2271 4160 2330 4215; x_wconf 76' lang='lat'><strong>7.</strong></span> 
     </span>
    </p>
   </div>
   <div class='ocr_carea' id='block_1_6' title="bbox 2687 4320 2923 4658">
    <p class='ocr_par' dir='ltr' id='par_1_6' title="bbox 2666 4252 2923 4658">
     <span class='ocr_line' id='line_1_39' title="bbox 2687 4320 2923 4658; baseline 0 0"><span class='ocrx_word' id='word_1_271' title='bbox 2687 4320 2923 4658; x_wconf 66' lang='lat' dir='ltr'><strong>,l</strong></span> 
     </span>
    </p>
   </div>
   <div class='ocr_carea' id='block_1_7' title="bbox 2921 4068 2925 4319">
    <p class='ocr_par' dir='ltr' id='par_1_7' title="bbox 2921 4068 2925 4319">
     <span class='ocr_line' id='line_1_40' title="bbox 2921 4068 2925 4319; baseline 0 0"><span class='ocrx_word' id='word_1_272' title='bbox 2921 4068 2925 4319; x_wconf 60' lang='lat' dir='ltr'>s</span> 
     </span>
    </p>
   </div>
  </div>
 </body>
</html>
