2950 4684
361 352 437 412 c.
468 346 574 412 64.
906 349 1271 397 msa-omn
1325 350 1843 401 xnu‘rtnanmu.
2203 323 2382 417 259

360 530 529 601 mihi
580 527 823 602 ultima
876 530 1194 601 mandata
1232 534 1443 616 misit,
1498 540 1573 602 ut
1601 530 1789 602 hunc
1816 532 2171 609 hominem
2200 557 2373 608 nun·

360 653 565 725 quam
624 630 1067 703 dimitterem.
1170 630 1302 701 Hic
1359 642 1658 724 uterque
1711 632 1935 703 frater
1995 657 2138 704 uno
2204 658 2374 717 ore:

358 731 581 822 vulgo
637 733 897 816 dicunt,
955 733 1261 816 domine,
1311 733 1651 825 inquiunt,
1702 754 1952 825 regem
2004 733 2140 805 hac
2190 739 2261 805 in
2291 757 2374 808 re

357 835 793 923 potissimum
852 831 1269 923 deliquisse,
1323 833 1516 926 quod
1569 834 1757 903 idem
1809 834 1931 904 vel
1979 839 2184 904 amici
2217 839 2374 927 ejus

356 930 688 1017 fatentur,
744 929 1020 1003 Olavus
1075 935 1259 1002 enim
1319 932 1719 1004 eifideliter
1750 954 2037 1025 operam
2072 936 2370 1007 dedisse

359 1034 804 1103 existimatus
859 1042 1010 1119 est3
1063 1053 1300 1126 neque
1355 1036 1678 1126 cuiquam
1732 1038 1998 1126 pariter
2045 1056 2130 1107 ac
2160 1035 2370 1107 nobis

356 1131 715 1217 fratribus,
769 1136 831 1203 si
885 1157 1022 1226 qua
1074 1134 1145 1200 in
1198 1156 1281 1204 re
1336 1137 1687 1204 erraverit
1738 1156 1891 1219 reX,
1927 1137 2370 1209 resarciendi

357 1232 665 1305 officium
716 1233 1069 1304 incumbit.
1174 1232 1403 1324 Quam
1458 1233 1551 1304 ob
1604 1256 1753 1304 rem
1806 1244 2054 1305 nostro
2086 1239 2368 1307 nomine

357 1336 609 1419 omnia,
663 1357 822 1427 quae
873 1333 997 1405 tibi
1052 1333 1407 1427 placeant,
1463 1356 1765 1427 quaeque
1819 1334 2186 1426 postulare
2238 1357 2365 1407 ve·

355 1431 469 1520 lis,
524 1434 969 1528 pollicemur,
1024 1445 1098 1505 ut
1149 1435 1336 1505 hunc
1388 1435 1767 1519 hominem,
1820 1432 2148 1520 Olavum,
2202 1434 2366 1506 hine

351 1556 783 1627 recuperare
839 1536 1046 1606 nobis
1098 1539 1474 1628 contingat.
1587 1534 1870 1625 Quibus
1925 1535 2069 1604 dux
2090 1560 2118 1604 ε-
2175 1533 2366 1609 haud

332 1637 680 1729 ‘equidem
737 1647 1001 1708 eventu
1053 1636 1418 1728 probatum
1471 1639 1553 1708 iri
1586 1635 1912 1721 arbitror,
1960 1634 2364 1713 inconsulte

353 1734 610 1808 factum
664 1758 876 1821 esse,
951 1737 1143 1831 quod
1196 1734 1474 1808 Olavus
1518 1741 1723 1828 jussu
1777 1738 1977 1828 regis
2027 1734 2244 1806 Knuti
2292 1738 2364 1806 in

353 1837 672 1907 custodia
727 1841 1149 1922 retineatur3
1205 1860 1338 1908 vos
1391 1848 1622 1908 autem
1658 1835 1964 1906 honesto
1993 1839 2361 1927 proposito

354 1946 427 2007 et
495 1959 736 2007 amore
804 1941 871 2007 in
943 1958 1191 2029 regem
1262 1936 1574 2009 Knutum
1645 1933 1945 2029 impelli1
2016 1934 2360 2025 intelligo.

349 2035 603 2128 Igitur,
679 2061 890 2132 quum
945 2060 1079 2109 vos
1146 2059 1437 2130 semper
1488 2039 1720 2108 bonos
1767 2039 1964 2106 viros
2020 2044 2362 2126 expertus

349 2140 520 2223 sim,
604 2151 951 2232 certoque
1005 2141 1261 2223 sciam,
1329 2159 1466 2209 vos
1517 2147 1876 2208 strenuam
1929 2133 2360 2227 fidelemque

350 2258 637 2330 operam
691 2242 848 2329 regi
897 2237 1141 2312 Knuto
1198 2235 1695 2330 praestitisse2,
1747 2237 1879 2307 has
1934 2234 2141 2305 vobis
2194 2254 2359 2326 pro-

348 2359 600 2430 ponam
656 2340 1136 2409 conditiones:
1193 2337 1468 2411 Olavus
1519 2360 1603 2409 se
1657 2339 1941 2428 triginta
1993 2337 2143 2405 auri
2186 2334 2358 2405 seli·

347 2437 498 2510 bris
548 2438 887 2523 redimat,
956 2459 1040 2507 ea
1095 2440 1376 2532 quidem
1447 2439 1654 2530 lege,
1734 2449 1812 2507 ut
1871 2457 2046 2521 voS,
2125 2435 2360 2505 donec

349 2535 627 2611 Olavus
680 2540 933 2609 dictam
985 2543 1351 2630 pecuniam
1406 2539 1871 2632 pependerit,
1952 2539 2223 2607 interea
2287 2539 2359 2605 in

347 2639 650 2710 vinculis
702 2642 898 2726 sitis;
979 2638 1148 2709 volo
1204 2643 1387 2709 enim
1442 2661 1579 2709 vos
1629 2641 1723 2708 ita
1789 2638 2139 2728 experiri,
2221 2656 2360 2729 qua

346 2742 604 2811 virtute
658 2737 937 2809 Olavus
990 2741 1104 2824 sit,
1157 2749 1231 2810 et
1283 2743 1419 2809 utri
1470 2737 1728 2808 melius
1783 2740 1941 2827 ejus
1975 2734 2356 2805 humanitas

344 2847 486 2909 tem
542 2842 1063 2933 perspexerint.
1164 2838 1243 2909 ld
1299 2861 1585 2932 quoque
1638 2838 1867 2906 animo
1911 2839 2240 2919 teneatiS,
2292 2837 2358 2907 si

346 2936 625 3012 Olavus
676 2942 1037 3033 pecuniam
1096 2961 1189 3008 ex
1242 2950 1447 3032 pacto
1501 2935 1797 3009 solvere
1834 2933 2165 3018 noluerit,
2220 2955 2357 3005 vos

342 3062 695 3133 nunquam
768 3060 862 3109 ex
929 3038 1042 3110 his
1111 3039 1411 3110 vinculis
1484 3051 1555 3109 et
1622 3036 1946 3108 custodia
2014 3038 2354 3107 exituros.

344 3139 445 3213 lta
496 3151 778 3212 vosmet
828 3143 964 3232 ipsi
1014 3149 1262 3211 vestro
1320 3144 1623 3211 maxime
1677 3134 1997 3230 periculo
2050 3157 2203 3208 rem
2229 3157 2353 3206 su·

345 3242 690 3333 scipietiS,
743 3243 987 3333 inquit,
1041 3258 1274 3333 neque
1326 3263 1506 3313 vero
1538 3239 1910 3334 quidquam
1944 3234 2158 3306 Olavi
2186 3233 2356 3305 fidei

343 3342 909 3412 committendum
966 3344 1321 3426 existimo,
1373 3362 1609 3433 neque
1664 3361 1796 3409 vos
1851 3337 1939 3406 ad
1992 3334 2173 3407 hanc
2201 3355 2354 3404 rem

340 3440 609 3512 hortari
681 3440 871 3513 volo.
976 3439 1203 3530 Quam
1275 3442 1749 3511 conditionem
1817 3457 2028 3528 quum
2097 3454 2354 3525 propo-

339 3544 614 3613 suisset
669 3542 845 3627 dux,
909 3541 1169 3613 fratres
1222 3561 1308 3609 se
1362 3540 1747 3611 convenire
1800 3532 2105 3604 Olavum
2143 3531 2353 3604 evelle

339 3639 838 3730 significarunt.
938 3639 1154 3710 Ducti
1207 3640 1298 3708 ad
1350 3658 1751 3721 carcerem,
1828 3655 1970 3726 quo
2034 3633 2354 3705 inclusus

341 3748 517 3824 erat,
570 3744 801 3810 omnia
852 3741 1105 3812 ordine
1162 3742 1228 3809 ei
1284 3744 1794 3831 exposuerunt,
1843 3733 2352 3827 Danorumque,

338 3843 732 3934 principum
783 3842 1140 3927 mandata,
1205 3856 1378 3911 esse
1431 3838 1682 3909 horum
1736 3832 2212 3917 voluntatem,
2274 3840 2353 3929 ut

338 3944 557 4015 totius
625 3940 885 4011 Danici
951 3943 1228 4035 imperii
1305 3960 1438 4009 rex
1508 3945 1828 4008 creetur:
1926 3953 2131 4025 quam
2199 3949 2353 4011 rem
2437 3976 2454 3986 .

405 4078 466 4159 ¹).
494 4095 562 4145 ad
599 4094 736 4146 hanc
771 4113 880 4146 rem
918 4094 1233 4159 tentandam,
1272 4091 1400 4143 add.
1434 4089 1498 4142 F.
1618 4086 1664 4153 2)
1705 4084 1981 4157 magnique
2017 4083 2081 4134 ab
2119 4101 2180 4134 co
2217 4060 2353 4152 &sti-⁵

335 4197 504 4238 mato·
553 4185 732 4252 fuisse,
768 4183 901 4242 add,
942 4182 1004 4236 F.

1797 4246 1862 4319 R
1887 4245 1935 4315 2
