2950 4684
734 376 1278 427 cunononoma
1332 374 1532 423 msr.
1586 374 1703 422 on.
1755 375 1877 421 mn.
2126 345 2304 434 418

265 560 413 627 984.
496 552 817 638 Templum
856 558 965 622 Asi
1006 562 1068 621 in
1111 558 1444 639 Hjaltadalo
1490 555 1766 619 Islandiae
1837 562 2212 622 exstructum
2254 559 2306 641 1,

435 664 701 731 268-69.
746 662 892 726 276.

312 804 398 818 -
482 769 854 848 Sigmundus
894 768 1189 830 Bresteris
1232 766 1412 847 filius,
1468 768 1552 830 18
1595 785 1786 829 annos
1828 771 2026 846 natus,
2067 769 2142 831 ad
2169 768 2301 831 Ha-

438 875 664 937 konem
711 875 1027 952 dynastam
1077 876 1263 953 venit,
1306 880 1369 937 et
1419 890 1561 936 cum
1584 891 1659 934 eo
1698 874 1841 934 sex¹
1877 889 2071 934 annos
2104 872 2318 953 (985-·

438 964 604 1059 seo)
650 984 944 1057 versatur,
984 977 1067 1058 11,
1096 978 1400 1042 105-107.

273 1084 430 1150 985.
505 1084 741 1146 AEstate
798 1082 1040 1145 Eirikus
1080 1083 1275 1145 Rufus
1322 1084 1399 1145 ad
1454 1080 1911 1144 Groenlandiam
1956 1081 2298 1145 inhabitan-

450 1190 591 1250 dam
637 1185 1073 1266 proficiscunt-3
1139 1189 1354 1250 eadem
1410 1192 1619 1250 aestate
1673 1189 1756 1249 14
1797 1205 1983 1250 naves
2026 1205 2103 1249 ex
2143 1188 2302 1249 Bor-

448 1291 745 1372 gatijordo
803 1296 866 1353 et
919 1292 1329 1372 Breidafjordo
1394 1292 1670 1355 Islandiae
1730 1294 1792 1354 in
1856 1292 2302 1355 Groenlaudiam

447 1397 829 1475 perveniunt,
872 1395 955 1475 11,
995 1397 1141 1460 215.

321 1534 408 1549 -
489 1500 814 1563 Fridrekus
880 1505 1205 1583 episcopus
1253 1507 1317 1564 et
1372 1501 1748 1565 Thorvaldus
1804 1520 1881 1564 ex
1939 1499 2197 1562 Islandia
2239 1502 2299 1562 in

447 1605 810 1685 Norvegiam
852 1609 1155 1685 navigant,
1197 1607 1248 1686 1,
1290 1608 1435 1670 274.
1481 1608 1562 1687 11,
1605 1607 1751 1671 215.

279 1710 426 1773 987.
513 1709 765 1789 Olavus,
811 1710 1024 1773 Gai-dis
1059 1713 1315 1791 relictiS,
1357 1713 1432 1774 ad
1474 1709 2103 1792 Borgundarholmum
2147 1727 2299 1771 eon·

451 1815 631 1895 fligit,
687 1817 748 1876 in
794 1816 1214 1879 Vindlandiam
1255 1819 1529 1897 navigat,
1586 1816 1828 1879 Geiram
1871 1816 2054 1893 ducit,
2097 1814 2302 1892 ibique

447 1918 716 1982 hiemem
759 1923 902 1998 agit,
945 1921 998 1999 Ι,
1043 1923 1202 2001 100;
1248 1921 1397 1984 Otto
1440 1923 1770 2001 imperator
1796 1919 2054 1980 Daniam
2081 1917 2305 1980 fnistra

449 2022 694 2097 invadit,
737 2023 788 2101 1,
833 2024 977 2086 120.

281 2125 425 2190 988.
514 2125 734 2189 Hakon
778 2128 1030 2208 dynasta
1069 2130 1515 2190 munimentum
1567 2127 1880 2189 Danorum
1924 2128 2134 2187 eontra
2176 2123 2299 2209 Oi:

454 2237 661 2293 touem
696 2235 994 2295 Juvenem
1023 2234 1306 2297 defendit.
1400 2233 1628 2296 Olavus
1652 2233 1936 2312 Tryggvii
1956 2230 2114 2291 filius
2145 2229 2300 2291 Ska-

455 2339 615 2398 niam
661 2343 723 2401 et
765 2339 1141 2400 Gotlandiam
1182 2344 1409 2415 vastat,
1480 2340 1925 2400 munimentum
1986 2335 2299 2396 Danorum

455 2448 763 2521 expugnat
803 2450 867 2506 et
907 2445 967 2504 in
1011 2443 1429 2504 Vindlandiam
1473 2443 1660 2520 redit3
1716 2442 1995 2521 baptizati
2035 2457 2143 2502 rex
2169 2437 2301 2499 Ha·-

455 2546 657 2606 raldus
703 2546 912 2609 Gormi
953 2553 1015 2610 et
1056 2546 1275 2609 Hakon
1321 2548 1595 2626 dynasta,
1636 2544 1688 2623 1,
1732 2545 2035 2607 121-130.
2128 2543 2302 2622 Apo-

453 2649 635 2710 stasia
675 2650 949 2712 Hakonis
992 2657 1054 2713 et
1098 2649 1355 2711 defectio
1397 2668 1433 2711 a
1475 2649 1688 2723 Danis,
1731 2647 1782 2727 l,
1825 2649 2130 2711 131-133.

288 2751 432 2816 989.
520 2752 747 2816 Olavus
802 2755 1088 2834 Tryggvii
1140 2754 1296 2816 filius
1339 2759 1537 2816 vastat
1596 2753 1951 2830 Samnium,
2027 2751 2301 2829 Frisiam,

456 2856 890 2937 Fiaemingiam,
933 2866 997 2921 et
1036 2859 1099 2917 in
1141 2858 1563 2919 Vindlandiam
1605 2858 1780 2934 redit,
1822 2854 1873 2933 1,
1917 2856 2061 2918 133.

219 2968 234 2973 “
288 2960 432 3024 990.
521 2960 700 3024 Geira
756 2964 1044 3040 moritui-3
1133 2961 1363 3024 Olavus
1421 2964 1479 3024 in
1536 2964 1792 3025 Daniam
1852 2981 1889 3024 e
1946 2957 2301 3024 Vindlandia

261 3056 266 3060 ⁴
455 3065 873 3145 proficiscitur,
907 3068 958 3147 1,
1004 3067 1204 3145 13523
1249 3068 1391 3130 inde
1435 3061 1850 3148 expeditiones
1890 3065 2031 3127 facit
2068 3064 2129 3125 in
2169 3063 2302 3123 An-

456 3171 671 3250 gliam,
713 3171 1204 3234 Northumbriam
1226 3216 1245 3251 ,
1316 3172 1623 3252 Skotiam,
1666 3171 1988 3249 Hebudes,
2031 3169 2303 3246 Monam,

454 3275 826 3355 Hiberniam,
867 3277 1259 3358 Britanniam,
1298 3278 1597 3358 valliam,
1656 3296 1770 3357 per
1811 3281 2070 3356 quatuor
2109 3289 2302 3334 annos

360 3455 407 3523 ¹)
442 3457 667 3512 Membr.
708 3461 760 3514 h.
797 3462 833 3513 l.
872 3462 995 3533 legit
1031 3463 1094 3519 ίυ
1134 3461 1432 3533 (quatuor),
1496 3461 1587 3514 sed
1624 3479 1720 3530 pro
1758 3460 1822 3516 ίΌ
1861 3456 2138 3528 legendnm
2174 3469 2304 3526 puto

291 3548 354 3605 Ὁί
394 3547 543 3618 (sex).
618 3551 711 3603 Sin
751 3553 940 3616 minus,
979 3553 1068 3625 qui
1108 3555 1172 3606 de
1213 3553 1507 3625 Siga-undo
1543 3565 1705 3624 agunt
1723 3549 1845 3604 anni
1880 3563 2148 3620 sequentes
2169 3544 2304 3600 990-

288 3639 764 3696 91-92-93-94-95
804 3644 1040 3703 mutandi
1085 3660 1206 3698 sunt
1255 3644 1310 3697 iu
1362 3638 2008 3705 988-89-90-91-92-933
2071 3641 2146 3697 sie
2181 3661 2302 3694 vero

288 3734 613 3806 Sigmnndns
647 3734 832 3807 proelio
870 3737 1115 3791 adversus
1152 3738 1339 3811 piratas
1375 3737 1648 3791 Jomenses
1695 3735 1937 3789 interesse
1973 3756 2081 3788 non
2118 3733 2304 3805 potuit.

289 3828 339 3898 ¹⁸)
374 3826 756 3881 Profectionem
797 3826 950 3882 Olavi
986 3829 1234 3905 Tryggvii
1268 3828 1360 3883 filii
1398 3852 1426 3883 e
1461 3828 1632 3882 Dauid
1674 3828 1727 3882 in
1766 3827 2026 3891 Roaiam,
2061 3826 2151 3880 ubi
2190 3827 2306 3880 hie·

289 3935 411 3984 mat,
446 3920 678 3993 ejusdem
714 3921 1092 3993 navigationem
1131 3944 1161 3977 ι
1201 3922 1388 3977 Russia
1423 3923 1477 3977 iu
1516 3921 1803 3983 Groedam,
1856 3920 2082 3992 indeque
2116 3920 2303 3973 iterum

290 4013 342 4068 in
381 4013 640 4079 Roaiam,
676 4014 861 4081 omisi,
916 4018 1061 4088 quod
1098 4038 1353 4073 nee-vero
1389 4010 1571 4071 similit
1608 4030 1707 4083 est,
1736 4029 1791 4069 et
1820 4032 1995 4069 rerum
2035 4012 2218 4068 seriem
2255 4026 2306 4066 et

293 4126 502 4164 omnem
537 4107 877 4164 ebro-euxia
913 4114 1201 4166 conturbet.
