2950 4684
310 337 385 400 c.
417 334 634 402 19-20.
864 338 964 388 nn
1003 338 1315 388 nnana
1354 338 1835 390 rennuentes.
2219 320 2335 408 ‘l

312 526 502 610 dem,
559 548 703 619 quo
755 534 1008 596 aestate
1059 527 1440 618 superiori,
1496 526 1631 596 sed
1682 535 1914 597 tamen
1947 548 2129 599 nunc
2159 550 2333 622 quo-

310 647 456 721 que
486 626 744 697 Dauos
793 626 1152 712 infestato,
1208 646 1447 719 coque
1499 630 1816 698 atrocius
1868 641 2079 713 nunc,
2127 651 2333 724 quam

305 729 668 821 superiori
721 735 996 812 aestate,
1048 734 1437 819 grassator,
1487 749 1638 821 quo
1685 730 2000 820 maJores
2048 752 2232 801 nunc
2263 742 2336 805 et

308 829 848 913 instructiores»,
901 849 1106 922 quam
1159 836 1350 912 tunc,
1418 827 1665 921 copias
1713 827 1980 915 babes»,
2033 852 2171 901 nev
2225 841 2333 903 to-

307 938 449 1000 tam
515 949 650 1020 per
699 938 1016 1000 aestatem
1088 927 1177 999 ab
1242 927 1388 998 illis
1458 928 1906 1001 lacessendis
1957 929 2333 1020 abstineto,

308 1029 813 1101 sub·hiemem
864 1052 1043 1101 vero
1097 1028 1238 1100 buc
1288 1032 1360 1098 in
1392 1027 1705 1100 Fioniam
1756 1032 2135 1104 concedito
2186 1056 2332 1104 me·

307 1150 471 1201 cum
527 1129 981 1202 hiematurus,
1084 1130 1216 1201 His
1271 1129 1479 1203 dictis
1532 1135 1835 1203 nutritor
1886 1141 1959 1202 et
2008 1131 2334 1206 alumnus

310 1233 400 1302 'ea
448 1235 610 1303 vice
654 1232 1164 1324 digrediuntur.
1266 1229 1469 1302 Sven
1509 1252 1666 1302 cum
1697 1236 1852 1304 suis
1880 1233 2332 1328 multa‘regni

308 1331 474 1404 loca
525 1336 741 1403 armis
791 1332 1112 1418 infestat,
1179 1333 1463 1425 praedas
1530 1336 1677 1424 agit
1740 1337 1810 1403 in
1864 1332 2203 1406 Selandia
2259 1347 2331 1407 et

305 1432 709 1519 Hallamlia,
762 1443 1099 1526 tantoqve
1151 1434 1443 1505 fervore
1492 1455 1643 1503 rem
1675 1438 1864 1527 gerit
1891 1434 2026 1505 bac
2057 1447 2330 1524 aestate,

305 1545 388 1605 ut
441 1536 576 1605 dici
631 1537 944 1629 potuerit
1011 1545 1291 1615 noctem
1348 1535 1491 1606 diei
1560 1535 1965 1629 populando
2036 1558 2330 1610 conser-

304 1638 539 1722 uisse,
595 1657 824 1730 eaque
879 1645 1131 1706 aestate
1185 1634 1447 1729 pedem
1493 1656 1587 1705 ex
1635 1637 2329 1731 imperiossanorum

305 1739 509 1828 regis
559 1759 909 1831 nunquam
960 1736 1187 1808 effert.
1305 1736 1585 1807 Multos
1652 1736 1979 1810 homines
2043 1740 2332 1826 occidit,

304 1836 574 1909 multos
627 1858 712 1909 ea
765 1847 1015 1909 aestate
1086 1859 1312 1931 pagos
1360 1839 1823 1910 inflammavit.
1946 1838 2170 1931 Cujus
2219 1852 2328 1913 tu-

306 1937 573 2009 multus
628 1938 812 2009 fama
881 1960 1038 2009 cum
1108 1933 1326 2030 longe
1393 1937 1681 2031 lateque
1767 1939 2328 2032 percrebuisset,

305 2059 464 2124 reX,
534 2058 923 2133 quanquam
976 2040 1399 2124 admonituS,
1461 2049 1697 2108 tamen
1750 2059 1900 2108 rem
1952 2042 2166 2109 tacite
2219 2049 2328 2112 tu-

303 2138 408 2226 lit,
475 2138 924 2234 fortunaeque
976 2139 1267 2210 arbitrio
1320 2141 1655 2232 permisit.
1762 2138 2118 2211 Autumno
2161 2163 2324 2212 ver·

307 2250 528 2334 gente
581 2238 780 2311 Sven
850 2243 917 2310 in
984 2238 1301 2312 Fioniam
1366 2242 1452 2311 ad
1527 2242 1938 2311 nutritorem
1992 2239 2323 2315 Paluato-

306 2341 499 2412 kinm
552 2345 982 2428 revertitur,
1049 2340 1404 2436 nullisque
1447 2345 1590 2436 Jam
1646 2345 1915 2447 copiis,
1980 2353 2059 2413 ut
2106 2366 2321 2437 supe-

307 2445 483 2514 riori
516 2451 792 2530 aestate,
844 2446 916 2512 in
968 2442 1203 2513 reditu
1255 2445 1562 2529 amissis),
1614 2445 1772 2536 ipse
1804 2466 1962 2514 eum
1999 2444 2325 2517 omnibus

308 2541 644 2615 militibus
696 2544 883 2637 apud
936 2546 1352 2614 nutritorem
1404 2566 1608 2615 suum
1664 2543 1943 2615 hiemat.

508 2642 626 2714 2⁰.
727 2645 926 2715 Vere
988 2647 1314 2738 proxime
1384 2648 1788 2739 insequenti
1859 2644 2323 2716 Paluatokins

304 2746 376 2815 in
440 2743 875 2839 colloquium
928 2744 1187 2816 alumni
1240 2746 1353 2815 sui
1409 2749 1709 2816 veniens
1761 2749 1873 2814 sic
1926 2745 2147 2815 verba
2217 2746 2324 2815 fe-

305 2849 437 2917 cit:
515 2849 653 2938 jam
727 2868 976 2918 omnes
1053 2866 1276 2916 naves
1345 2855 1503 2915 tuas
1572 2847 1939 2931 instruito,
2024 2853 2097 2916 et
2164 2867 2320 2917 cum

305 2945 633 3018 omnibus
682 2950 911 3042 copiis
962 2949 1104 3018 tuis
1155 2944 1371 3040 plene
1423 2947 1788 3017 instructis
1840 2956 2109 3040 patrem
2149 2969 2320 3018 con·

303 3050 569 3129 venito.
675 3047 892 3118 Adito
945 3048 1032 3118 ad
1089 3069 1274 3135 eum,
1341 3057 1414 3118 et
1465 3046 1847 3141 postulato,
1919 3059 1994 3120 ut
2047 3049 2321 3121 duode-

305 3152 440 3218 cim
492 3168 718 3221 naves
785 3152 962 3221 viris
1015 3152 1368 3221 insructas
1431 3148 1557 3219 tibi
1624 3149 1972 3221 attribuat.
2101 3149 2321 3240 Quod

305 3252 370 3319 si
424 3249 661 3321 ab‘eo
716 3273 854 3321 non
908 3253 1359 3343 impetretur,
1429 3249 1791 3342 extemplo
1845 3273 2006 3320 eum
2062 3273 2321 3342 provo-

305 3362 468 3424 cato
521 3351 607 3421 ad
662 3361 1024 3423 certamen
1077 3374 1231 3422 cum
1287 3351 1399 3421 his
1452 3354 1709 3444 copiis,
1756 3372 1930 3443 quas
1982 3360 2149 3421 tunc
2200 3349 2319 3422 ha-

303 3450 518 3540 beas3
590 3452 978 3548 verbisque
1031 3451 1531 3538 ferocioribuS,
1586 3472 1789 3547 quam
1844 3471 2146 3545 unquam
2199 3473 2319 3523 an-

304 3563 446 3638 tea,
502 3574 660 3625 eum
717 3553 1163 3648 compellato.
1280 3550 1477 3622 Sven
1549 3561 1904 3645 praecepta
1970 3575 2012 3624 a
2061 3551 2318 3624 Palna-

302 3652 502 3724 tokio
553 3653 755 3741 facit,
807 3676 1056 3747 regem
1093 3650 1503 3738 Haraldum,
1553 3663 1822 3745 patrem
1876 3676 2106 3738 suum,
2160 3676 2319 3724 cum

303 3753 633 3826 omnibus
677 3759 906 3849 copiis
934 3758 1101 3840 adit,
1155 3750 1611 3847 postulatque
1661 3774 1773 3839 ea,
1825 3776 1984 3848 quae
2020 3756 2322 3823 nutritor

305 3858 374 3926 ei
415 3868 875 3950 praeceperat.
983 3854 1150 3948 Quo
1180 3851 1391 3937 facto,
1443 3874 1578 3924 rex
1624 3851 1738 3925 bis
1783 3853 2189 3946 respondit:
2243 3860 2320 3922 tu

303 3956 492 4028 adeo
546 3977 632 4028 es
681 3957 1098 4052 impudens,
1184 3964 1261 4026 ut
1328 3957 1423 4025 tui
1491 3954 1790 4025 similem
1856 3952 2042 4023 haud
2109 3950 2320 4024 facile

305 4078 706 4151 quenquam
778 4061 1139 4144 noverim,
1221 4058 1338 4152 qui
1407 4076 1639 4126 meum
1709 4057 1779 4124 in
1821 4072 2320 4145 »congressum

305 4161 559 4230 venire
610 4161 920 4233 audeas:
989 4181 1143 4231 nam
1197 4167 1272 4229 et
1321 4157 1568 4253 praedo
1623 4177 1709 4228 es
1749 4153 2038 4328 1r3t2fur,
2107 4164 2320 4249 atque
