2950 4684
597 301 773 389 ΒΜ
942 329 955 334 ·
1132 327 1497 375 uis-roma
1552 326 2070 373 xnunnnmm.
2288 322 2360 383 c,
2393 319 2618 386 9546,

604 511 917 585 Haraldo
972 509 1193 583 Kesiu
1262 512 1333 582 id
1387 511 1730 603 temporis
1795 508 1888 581 ab
1959 509 2228 602 oppido
2294 509 2619 582 ahsente.

604 612 951 684 Proximo
1003 621 1168 704 post
1217 632 1400 681 anno
1451 610 1738 681 Eirikus
1786 619 2009 681 totum
2036 607 2461 681 Roiskeldae
2488 632 2617 705 op·
2691 701 2698 706 .

605 715 843 810 pidum
897 715 1221 798 vastavit,
1274 733 1416 805 quo
1469 711 1660 781 facto
1713 731 2012 802 magnus
2066 709 2458 782 incolarum
2486 734 2614 783 nu-

609 834 850 886 merus
903 815 994 884 ud
1049 834 1208 883 eum
1262 814 1577 897 transiit,
1660 813 1872 905 eique
1941 809 2364 904 obsequium
2433 833 2620 906 prae-

608 917 801 986 stitit.
903 913 1079 985 lude
1131 913 1420 984 boream
1474 933 1738 983 versus
1789 909 2251 1002 prosectusin
2281 909 2616 984 Skaniam

609 1018 906 1108 trajecit,
960 1014 1079 1085 ubi
1132 1034 1383 1085 omnes
1433 1011 1689 1082 incolae
1743 1014 1926 1081 eise
1951 1010 2438 1103 subjecerunt,
2477 1023 2616 1084 tam

611 1119 678 1185 in
740 1115 1005 1186 Skania
1074 1137 1275 1208 quam
1342 1116 1411 1181 in
1464 1111 1871 1195 Hallandia,
1952 1114 2251 1205 ejusque
2319 1115 2619 1208 imperio

612 1215 1204 1308 obtemperarunt,
1306 1212 1473 1284 Hoc
1516 1223 1839 1305 tempore
1890 1209 2107 1299 ,Ozur
2170 1222 2326 1283 erat
2386 1213 2618 1285 archi-

612 1318 1001 1410 episcopus
1048 1312 1494 1401 Lundensi83
1574 1312 2016 1384 is-Eirikum
2088 1310 2482 1386 liberaliter
2544 1323 2623 1386 et

607 1414 1001 1487 honorilice
1054 1418 1363 1508 excepit,
1416 1435 1723 1508 eumque
1775 1413 2102 1484 omnibus
2132 1414 2409 1506 opibus,
2450 1438 2620 1510 qua-

610 1538 761 1587 rum
816 1515 1214 1587 facultatem
1268 1514 1592 1600 baberet,
1641 1514 1939 1604 adjuvit3
1991 1512 2256 1608 [fuerat
2287 1519 2472 1586 enim
2504 1537 2618 1586 ar-

615 1617 1124 1711 chiepiscopus
1180 1618 1329 1707 regi
1386 1615 1634 1685 Eiriko
1686 1611 1935 1699 Bono,
1992 1606 2165 1707 patri
2216 1620 2398 1709 ejuS‚
2448 1619 2619 1687 ami-

614 1715 1011 1789 cissimusl.
1112 1715 1571 1800 Accedebat,
1650 1717 1752 1785 uti
1803 1724 2006 1784 antea
2064 1716 2357 1802 dictum,
2426 1717 2618 1811 quod

612 1839 745 1888 rex
793 1816 1141 1889 Nicolaus
1193 1827 1266 1887 et
1315 1816 1633 1909 Magnus
1685 1813 1871 1885 filins
1925 1818 2080 1907 ejus
2131 1826 2425 1910 propter
2475 1840 2618 1888 cae-

615 1919 775 1990 dem
845 1917 1064 1989 Knuti
1132 1915 1439 1989 Lavurdi
1506 1921 1576 1987 in
1654 1938 1995 1987 summum
2070 1918 2306 1987 odium
2375 1917 2620 2012 populi

613 2019 868 2091 Daniei
918 2022 1399 2104 incurrerant3
1483 2039 1618 2112 qua
1670 2038 1754 2086 re
1805 2016 2061 2087 factum
2113 2027 2264 2104 est,
2347 2031 2424 2091 ut
2475 2038 2620 2113 quo

612 2125 842 2214 magis
894 2120 1149 2214 opibus
1201 2119 1684 2191 invalesceret
1733 2116 2048 2203 EirikuS,
2102 2140 2191 2188 eo
2221 2122 2447 2211 magis
2485 2118 2620 2211 gli‘-

610 2228 855 2291 sceret
917 2221 1153 2290 odium
1221 2221 1291 2288 in
1360 2240 1604 2310 regem
1672 2217 2045 2288 Nicolaum
2117 2227 2190 2289 et
2255 2220 2622 2312 Magnum,

612 2320 803 2391 adeo
856 2328 929 2390 ut
982 2318 1387 2411 complures
1440 2318 1765 2388 homines
1816 2339 1902 2389 se
1954 2319 2043 2388 ad
2093 2319 2511 2414 obsequium
2547 2332 2622 2391 et

612 2420 918 2493 officium
970 2418 1192 2490 Eiriki
1245 2426 1770 2489 converterent.
1870 2417 2034 2488 Rex
2090 2419 2439 2493 Nicolaus
2490 2421 2620 2492 bo-

612 2543 806 2593 ream
874 2541 1136 2592 versus
1199 2522 1267 2589 in
1320 2517 1652 2589 Skaniain
1720 2518 1961 2589 classe
2030 2520 2401 2612 profectus
2479 2544 2620 2593 ma-

611 2644 824 2715 gnum
876 2642 1122 2691 secum
1174 2618 1463 2691 militum
1521 2640 1884 2689 numerum
1943 2618 2162 2705 duxit,
2211 2625 2280 2690 in
2312 2643 2453 2716 quo
2492 2644 2618 2693 ex-

615 2725 842 2794 ercitu
894 2732 1051 2792 erat
1100 2722 1415 2811 Magnus
1466 2717 1657 2790 filius
1711 2722 1909 2813 ejuS,
1984 2718 2340 2793 Henricus
2407 2722 2619 2794 Clau·

615 2824 773 2909 duS,
825 2821 1185 2894 Haraldus
1232 2821 1483 2906 Kesia,
1536 2819 1872 2913 multique
1924 2819 2043 2891 alii
2097 2844 2479 2915 proceres3
2548 2826 2620 2894 in

615 2923 871 2995 eodem
927 2944 1225 3015 numero
1279 2930 1482 2992 emnt
1509 2940 1648 2991 sex
1696 2922 2040 3014 episcopi,
2096 2944 2277 2994 unus
2315 2944 2409 2993 ex
2433 2922 2621 2996 Sve-

611 3026 760 3108 cia,
811 3022 995 3092 alter
1048 3043 1149 3092 ex
1195 3019 1577 3105 selandia,
1627 3018 1969 3115 quatuor²
2021 3043 2115 3092 ex
2167 3021 2398 3109 Jotia,
2473 3022 2620 3094 Pe·

611 3133 765 3193 trus
819 3124 1205 3215 episcopus
1254 3119 1763 3192 Roskildensis
1800 3138 1892 3191 ex
1922 3120 2285 3209 selandia,
2335 3122 2625 3195 Thorer

615 3222 1000 3316 episcopus
1051 3220 1418 3316 Ripensis,
1461 3219 1662 3293 Ketil
1718 3224 2109 3317 episcopus
2140 3223 2625 3317 Jorungensis

615 3343 709 3394 ex
760 3321 1109 3394 Vendilia.

886 3452 893 3463 ·
959 3420 1221 3494 Oratio
1270 3424 1477 3517 reqis
1492 3422 1558 3517 ᾖ’)
1610 3432 1684 3493 et
1733 3420 2285 3518 archiepiscopi.

658 3560 665 3565 ·
814 3523 933 3594 96.
1053 3522 1343 3593 Eirikus
1413 3526 1770 3615 ingentem
1843 3526 2228 3596 exercitum
2301 3522 2625 3597 collecti·

611 3625 781 3694 tium
834 3626 913 3693 in‘
956 3622 1219 3695 Skania
1272 3622 1602 3707 habebat,
1652 3626 2036 3717 copiasque
2063 3622 2469 3696 Fotvikam³
2493 3624 2624 3697 ad·

611 3742 876 3796 versus
924 3746 1171 3818 regem
1224 3722 1599 3795 Nicolaum
1654 3727 1894 3809 movit,
1943 3726 2064 3817 qui
2116 3722 2324 3797 loeus
2378 3735 2493 3804 est
2533 3724 2625 3797 ab

611 3824 916 3916 regione
966 3821 1327 3896 Lundi.in
1376 3825 1748 3894 meridiem
1798 3843 2032 3895 versa.
2153 3823 2232 3896 ln
2297 3828 2625 3899 exercitu

609 3922 840 3995 Eiriki
875 3922 1096 3995 ‘Ozur
1146 3921 1736 4016 archiepiscopus
1787 3933 1980 4009 erat,
2059 3948 2272 4031 gueni
2321 3944 2627 4032 magn—u}

655 4055 731 4123 ,¹)
769 4056 959 4128 quippe
995 4057 1141 4129 cujus
1177 4057 1309 4128 pau-i
1346 4054 1556 4107 Eis-ihus
1594 4074 1740 4107 carm
1774 4055 1969 4108 amicus
2006 4057 2203 4124 suisset,
2242 4059 2301 4112 C.
2438 4059 2488 4122 ἦ
2521 4067 2634 4111 ωει-

611 4147 730 4204 nim-
771 4150 830 4212 C,
841 4150 901 4209 S,
927 4147 984 4199 V.
1109 4151 1158 4217 ⁸)
1194 4148 1409 4204 rectius:
1443 4147 1624 4201 Eia-ibi.
1746 4147 1793 4214 ⁸)
1825 4146 2138 4216 Pottvikarm
2171 4153 2236 4218 C,
2260 4149 2473 4218 ubique.
2489 4220 2502 4227 l
