2950 4684
269 359 344 422 c.
365 356 506 424 5-6.
796 360 896 408 nn
947 360 1260 415 manns
1299 360 1782 410 teutsinus.
2176 334 2288 422 [ὅ

270 544 619 638 pultnram
672 542 1148 636 deportatum
1199 542 1550 629 tumulus,
1593 547 1805 636 juoen
1853 548 2159 636 regium,
2209 549 2284 619 in

270 645 620 716 bonorem
682 646 939 714 mortui
1010 653 1442 715 exstructus.
1543 642 1748 716 Tune
1809 643 1937 714 ille
2001 657 2281 719 centnm

269 746 430 817 fere
484 761 713 816 annos
779 765 912 813 rex
980 743 1205 814 Danis
1271 748 1763 837 imperaverat.
1880 744 2066 818 Post
2126 747 2286 820 baec

271 849 521 937 regina
576 845 663 915 ad
715 843 933 915 filium
986 842 1369 916 Haraldum
1420 848 1647 930 mittit,
1697 854 1774 916 ut
1811 845 2092 919 domum
2124 871 2284 920 cum

274 949 634 1018 universis
684 947 911 1037 copiis
961 945 1333 1030 concedat,
1383 948 1748 1039 patrisque
1801 951 2056 1018 mortui
2110 970 2284 1042 epn-

273 1047 385 1117 las
435 1046 785 1117 funebres
834 1044 1180 1117 celebret.
1281 1044 1414 1115 Ille
1479 1046 1719 1116 matris
1771 1045 1962 1117 dicto
2013 1069 2282 1121 morem

276 1150 501 1238 gerit3
571 1150 1078 1240 instructaeque
1144 1144 1379 1237 epulae
1450 1146 1663 1217 lautae
1734 1155 1808 1215 et
1865 1145 2286 1239 splendidae.

277 1247 444 1338 Quo
498 1247 688 1317 sacto
744 1244 1158 1339 reipublicae
1206 1248 1609 1340 civiumque
1676 1245 2286 1337 gubernationem,

275 1350 831 1439 universumque
880 1348 1283 1439 imperinm,
1348 1347 1541 1439 quod
1593 1349 1773 1438 patri
1824 1345 2092 1434 fuerat,
2160 1350 2285 1420 ad-

277 1447 807 1518 ministrandum
878 1449 1196 1537 suscipit.
1327 1447 1521 1517 Dein
1590 1455 1987 1516 conventus
2038 1448 2284 1541 populi

277 1551 447 1640 agit,
502 1557 578 1617 et
628 1568 762 1618 rex
813 1569 854 1617 a
904 1547 1133 1616 Dauis
1159 1557 1445 1618 creatur
1494 1549 1712 1617 totius
1743 1549 2039 1638 imperii,
2091 1551 2284 1643 quod

277 1651 483 1743 patri,
537 1651 695 1741 regi
750 1647 1046 1732 (ἔοι-πω,
1097 1644 1348 1718 fuerat.
1448 1646 1634 1720 Post
1675 1645 1835 1717 baec
1862 1646 2129 1741 aliquot
2163 1673 2284 1719 au-

279 1769 417 1819 nos
471 1752 783 1842 quietum
828 1768 1123 1839 regnum
1157 1745 1420 1833 habuit,
1474 1759 1550 1820 et
1586 1746 2088 1840 rempublicam
2125 1773 2283 1820 cum

279 1849 512 1940 gloria
565 1869 954 1942 magnaque
1016 1845 1228 1918 laude
1295 1849 1838 1935 administravit3
1908 1850 2097 1920 idem
2160 1854 2287 1920 im·

279 1951 556 2043 perium
607 1969 873 2021 severe
926 1957 1002 2017 et
1061 1969 1312 2039 magna
1374 1970 1532 2020 cum
1597 1951 2021 2020 auctoritate
2077 1972 2287 2020 exer·

279 2055 450 2138 cuit,
501 2053 903 2143 civiumque
954 2051 1247 2139 gratiam
1299 2048 1434 2118 sibi
1487 2047 1910 2119 conciliavit.

485 2150 555 2220 6.
656 2149 813 2220 Hoc
878 2147 1042 2218 loco
1095 2146 1802 2218 commemorabimus
1852 2151 2113 2235 virum,
2181 2148 2293 2221 bis

281 2250 508 2322 rebus
571 2249 1010 2342 implicitum,
1093 2247 1504 2335 Hakonem‚
1590 2247 1881 2339 Sigurdi
1966 2251 2290 2342 dynastae

279 2350 639 2424 Ladensis
686 2349 940 2434 filium,
1003 2352 1116 2420 cui
1181 2359 1256 2419 et
1306 2348 1732 2420 domicilium
1800 2359 1873 2420 et
1937 2373 2168 2442 genus
2218 2354 2290 2420 in

280 2453 655 2542 Norvegia
704 2450 866 2536 fuit3
932 2451 998 2518 is
1060 2460 1366 2542 quatuor
1417 2449 1812 2539 Norvegiae
1860 2453 2289 2542 provincias,

285 2552 547 2647 quibus
597 2551 920 2642 dynastae
970 2553 1252 2619 nomine
1297 2560 1674 2642 praeesset,
1726 2552 1923 2642 quasi
1970 2573 2103 2622 suo
2125 2555 2292 2643 Jure

283 2653 425 2727 sibi
476 2652 872 2722 vindicavit.
971 2648 1125 2720 Sed
1175 2649 1316 2721 hoc
1366 2660 1690 2743 tempore
1717 2648 2069 2722 Haraldus
2109 2651 2292 2723 Gra-

285 2752 555 2835 feldnS‚
604 2751 957 2844 hujusque
1007 2761 1233 2821 mater
1274 2749 1658 2837 Gunnilda,
1709 2773 1958 2842 regum
1987 2755 2295 2841 genitrix

286 2850 668 2948 appellata,
717 2851 1115 2942 Norvegiae
1161 2853 1616 2942 imperarunt·
1734 2850 1878 2941 Qui
1942 2868 2100 2919 cum
2153 2849 2294 2921 Ha·

286 2956 574 3038 konem,
624 2949 1133 3045 postulatorum
1188 2959 1310 3020 ant
1357 2948 1527 3021 nihil
1578 2958 1699 3020 aut
1748 2960 1968 3022 totum
2009 2952 2295 3043 cupien-

286 3065 457 3139 tem,
511 3056 811 3145 imperio
861 3050 1359 3144 prohiberent,
1421 3048 1548 3120 ille
1614 3072 1871 3145 magno
1936 3070 2093 3121 cum
2172 3056 2295 3123 mi-

287 3154 487 3226 litnm
542 3172 836 3223 numero
890 3150 1272 3246 classeque
1327 3152 1578 3221 decem
1632 3156 1909 3224 navium
1930 3151 2301 3247 Norvegia

287 3255 703 3349 profectuS,
754 3255 1114 3346 piraticam
1168 3272 1521 3323 exercere
1574 3257 1824 3347 coepit,
1907 3252 2299 3350 eademque

291 3365 545 3426 aestate
599 3352 814 3424 multa
866 3353 1023 3425 loca
1093 3352 1469 3446 populatus
1539 3363 1669 3424 est.
1781 3351 2126 3424 Proximo
2179 3370 2301 3427 a'u—

291 3466 539 3527 tumno
589 3475 746 3525 cum
800 3452 1042 3524 classe
1113 3463 1186 3523 et
1254 3456 1483 3548 copiis
1532 3454 1830 3524 Daniam
1896 3456 2301 3546 ingressuS‚

293 3559 662 3626 amicitiam
737 3553 1103 3624 Danorum
1191 3558 1393 3646 regis
1480 3558 1945 3649 expoposcit,
2023 3560 2301 3630 veniam

292 3667 589 3748 petens,
633 3664 713 3725 ut
758 3656 829 3723 in
885 3657 1040 3746 eJus
1090 3674 1319 3746 regno
1374 3653 1516 3724 sibi
1565 3665 1718 3726 tuto
1770 3676 1994 3749 agere
2050 3668 2123 3730 et
2175 3677 2306 3749 per

296 3754 600 3825 hiemem
656 3757 914 3825 morari
968 3753 1240 3825 liceret.
1354 3753 1524 3825 Rex
1586 3755 1982 3844 HaralduS,
2050 3778 2132 3827 re
2200 3755 2307 3825 lu-

295 3854 720 3926 bentissime
773 3875 1147 3939 concessa,
1200 3859 1266 3923 ei
1319 3874 1479 3924 cum
1534 3862 1905 3950 sexaginta
1960 3859 2134 3926 viris
2185 3875 2307 3924 au-

297 3953 510 4028 licum
562 3976 810 4026 secum
839 3953 1221 4047 hospitium
1256 3951 1528 4024 obtulit.
1630 3953 1792 4044 Qua
1815 3962 2108 4047 accepta
2140 3975 2309 4025 con-

302 4055 573 4126 ditione
626 4054 881 4126 Hakon
930 4076 1088 4127 cum
1153 4053 1268 4125 his
1321 4055 1547 4147 copiis
1597 4075 1844 4145 regem
1881 4054 2076 4141 adit,
2140 4054 2310 4127 reli-

300 4158 467 4249 quis
518 4154 856 4228 militibus
907 4154 1216 4230 diversis
1264 4152 1518 4226 Daniae
1570 4152 1756 4227 locis
1791 4154 2103 4250 hospitio
2145 4177 2310 4252 pro-
