2950 4684
378 325 462 391 Β.
487 321 706 390 77ι-78.
924 325 1289 379 morona
1341 326 1859 379 nortuum:
2219 299 2396 391 m

382 514 759 606 recipiunt,
806 510 1041 583 claudi
1065 510 1427 598 incedunt,
1481 509 1750 605 leprosi
1781 519 2190 604 purgantur,
2243 514 2388 585 ‹1ae-

381 619 634 683 mbnes
701 610 788 681 ab
858 610 1257 682 hominibus
1320 616 1598 683 ratione
1680 614 1908 705 captis
1987 611 2388 704 aufugiunt3

383 734 540 806 quae
593 709 939 782 beneficia
991 710 1230 782 multis
1285 732 1571 806 quoque
1628 710 2104 805 (aliis)-loeis,
2155 711 2386 784 sicubi

378 813 570 885 idem
620 833 794 882 vcra
845 811 986 882 fide
1050 814 1240 883 votis
1305 811 1561 883 colitur
1624 821 1742 883 aut
1806 831 1994 882 voce
2065 821 2386 899 vocatur,

381 910 829 997 exhibentur,
880 921 1319 1005 cooperante
1373 913 1656 983 domino
1682 921 1933 983 nostro
1969 911 2155 984 Jesu
2184 910 2388 983 Chri·

377 1021 541 1098 sto,
606 1015 723 1107 qui
773 1015 949 1082 vivit
1000 1021 1075 1082 et
1127 1021 1381 1104 regnat
1429 1033 1617 1083 unus
1664 1011 1875 1084 Deus
1922 1013 1994 1082 in
2044 1022 2386 1085 aeternum

376 1112 536 1184 sine
589 1110 751 1197 fine,
804 1133 1030 1184 amen.

450 1230 455 1233 ·
927 1211 1047 1282 De
1088 1211 1269 1305 filiis
1317 1215 1520 1307 reqis
1568 1210 1836 1283 Eiriki.

578 1310 696 1381 78.
797 1310 964 1382 Rex
1023 1313 1315 1384 Eirikus
1383 1315 1723 1404 captivam
1797 1312 2098 1384 duxerat
2166 1312 2386 1382 domi·

377 1433 529 1483 nam
558 1408 938 1497 Botildam,
987 1412 1433 1506 imperatoris
1457 1411 1746 1482 Henrici
1780 1430 2131 1496 sororem,
2179 1432 2384 1503 quam

369 1507 619 1602 Bjorn,
665 1512 1256 1606 quemadmodum
1312 1533 1530 1606 supra
1581 1515 1917 1604 scriptum
1950 1520 2096 1597 est,
2146 1512 2215 1580 in
2244 1532 2387 1581 ma-

372 1613 702 1683 trimonio
755 1611 1118 1684 habuerat.
1249 1613 1357 1685 Ea
1419 1633 1668 1704 regem
1732 1611 2051 1683 Eirikum
2118 1613 2187 1680 in
2235 1609 2384 1683 Da-

373 1712 550 1780 niam
606 1721 1093 1783 revertentem
1147 1716 1474 1787 comitata
1542 1720 1713 1784 erat.
1815 1711 1924 1783 Ex
1979 1733 2067 1781 ea
2098 1732 2230 1786 rex
2259 1710 2380 1782 Ei·

370 1810 572 1882 rikus
651 1810 862 1883 filium
941 1816 1301 1907 suscepit,
1378 1816 1500 1908 qui
1583 1833 1765 1904 puer
1832 1833 2089 1884 nomen
2161 1810 2382 1883 Knuti

369 1914 620 1995 sancti,
663 1911 904 1984 fratris
937 1916 1114 2004 ejuS,
1165 1917 1489 1998 sortituS,
1544 1914 1766 2005 primo
1798 1915 2030 1981 statim
2058 1922 2383 2003 tempore

373 2030 691 2099 magnam
743 2015 858 2082 sui
908 2033 1108 2103 spem
1141 2012 1333 2097 fecit,
1384 2011 1777 2105 formaeque
1808 2019 2181 2081 venustate
2212 2031 2381 2079 con*

367 2112 658 2202 spicuus
711 2123 881 2183 erat.
984 2109 1125 2200 Qui
1179 2134 1390 2204 quum
1438 2110 1667 2181 adhuc
1707 2122 1958 2181 tenera
2007 2119 2217 2181 aetate
2265 2128 2380 2181 es·

367 2218 507 2295 set,
559 2230 692 2281 rex
745 2210 1037 2281 Eirikus
1092 2211 1392 2282 dominae
1442 2209 1755 2282 Botildae
1789 2214 1883 2291 ita
1916 2209 2200 2281 locutus
2231 2216 2378 2280 est:

368 2317 524 2395 tua,
590 2332 749 2404 quae
801 2310 1225 2405 aliquamdiu
1275 2311 1443 2381 heic·
1492 2310 1633 2383 loci
1686 2311 1848 2396 suit,
1918 2311 2380 2381 commoratio

357 2412 500 2502 jam
553 2411 899 2500 cessabit,
951 2420 1024 2482 te
1080 2414 1262 2480 enim
1315 2412 1407 2483 ad
1457 2421 1622 2483 tuos
1648 2420 1995 2502 cognatos
2025 2410 2377 2483 reducen-

367 2510 524 2582 dam
578 2512 862 2582 curabo.
977 2511 1111 2583 Cui
1161 2511 1316 2582 illa:
1391 2533 1576 2607 quos
1643 2515 1828 2582 inter
1889 2533 2026 2582 nos
2080 2512 2377 2603 agitavi-

365 2632 524 2682 mus
575 2620 971 2683 conventus
1038 2614 1443 2686 amatorios·
1484 2632 1731 2703 parum
1795 2631 2147 2704 prospere
2212 2633 2377 2683 suc-

366 2713 692 2782 cessisse
743 2711 1082 2797 arbitror,
1165 2734 1319 2782 nam
1374 2722 1450 2783 tu
1503 2715 1727 2804 magis
1777 2710 2174 2783 ulciscendi
2226 2720 2375 2782 stu·

367 2811 520 2896 dio,
592 2834 795 2906 quam
849 2832 1095 2883 amore
1147 2811 1519 2905 impulsuS,
1571 2833 1846 2883 mecum
1876 2813 2375 2891 commercium

363 2908 702 3000 habuisti3
756 2913 921 2982 mihi
975 2914 1190 3003 igitur
1241 2932 1419 2997 eam,
1475 2913 1783 2997 domine,
1834 2915 2109 2983 veniam
2153 2909 2376 2999 dahis,

363 3014 639 3102 opinor,
689 3021 769 3082 ut
816 3035 930 3082 me
981 3010 1290 3099 KnutuS,
1340 3011 1530 3084 filius
1585 3023 1853 3097 noster,
1905 3011 2138 3083 solatii
2194 3031 2372 3104 ergo

362 3112 751 3182 comitetur.
868 3110 1034 3183 Rex
1088 3123 1365 3185 contra:
1449 3114 1639 3184 haud
1691 3123 1823 3184 tam
1879 3111 2066 3184 bene
2121 3115 2212 3184 de
2258 3132 2372 3183 mc

359 3231 693 3293 meruere
748 3216 1030 3304 cognati
1083 3217 1220 3300 tui,
1274 3224 1352 3285 ut
1403 3212 1590 3299 hunc
1641 3236 1936 3308 puerum
1991 3215 2177 3309 apud
2236 3232 2370 3284 eos

358 3310 788 3385 adolescere
842 3315 1254 3400 concedam,
1306 3316 1565 3408 quippe
1619 3337 1826 3409 quem
1884 3320 2162 3386 animus
2204 3312 2370 3382 mihi

355 3415 736 3505 praesagiat
787 3412 1039 3484 honori
1095 3425 1168 3486 et
1235 3417 1787 3506 consanguineis
1853 3415 2014 3485 fore
2069 3422 2142 3484 et
2191 3410 2368 3484 mul-

355 3515 448 3581 tis
499 3512 677 3584 aliis.
779 3513 971 3583 Dein
1021 3512 1402 3605 splendido
1461 3514 1798 3606 praesidio
1849 3513 1935 3583 ab
1992 3533 2171 3605 rege
2202 3512 2408 3583 dato·

356 3610 636 3701 domum
687 3613 778 3694 ad
830 3615 1407 3704 consanguineos
1457 3612 1760 3683 reducta
1813 3612 1985 3684 estl.
2091 3614 2369 3684 Knutus

351 3731 530 3782 vero
582 3713 650 3780 in
703 3712 863 3784 aula
913 3715 1133 3807 patris
1185 3712 1544 3799 adolevit,
1574 3716 1877 3794 omnium
1931 3718 2202 3786 animos
2225 3711 2365 3784 sihi

354 3811 781 3899 conciliavit,
834 3824 1102 3903 naturae
1154 3818 1469 3908 artisque
1513 3813 1723 3884 honis
1755 3817 2363 3898 instructissimuS,

353 3914 508 4003 regi
563 3915 836 4007 totique
888 3913 1154 4008 populo
1222 3916 1786 4006 acceptissimus.
1916 3914 2137 3984 Erant
2199 3914 2360 4003 regi

422 4053 469 4117 ¹)
507 4073 623 4126 qun
660 4058 726 4110 ab
762 4057 1068 4129 imperatore
1102 4058 1379 4130 ceter-Isque
1417 4053 1647 4130 cognati·
1684 4055 1789 4109 suis
1826 4055 2019 4124 prolixe
2038 4068 2238 4125 excepta
2270 4067 2364 4119 cst,

350 4143 478 4194 add.
521 4144 593 4198 H.
