2950 4684
590 283 767 375 m
1129 304 1498 355 msroma
1548 303 2068 353 normanum.
2188 297 2264 361 c.
2310 297 2632 362 110-111.

598 494 689 568 ab
734 494 995 565 itinere
1047 490 1340 576 destitit,
1391 508 1597 582 quam
1648 483 2277 578 Laudesborgum¹
2311 486 2403 559 ad
2429 509 2627 559 mar-

600 595 929 669 chionem
959 589 1386 676 cunradum,
1417 609 1753 660 socerum
1785 609 2017 673 suum,
2046 589 2397 680 pervenit,
2419 588 2624 682 apud

601 716 813 792 quem
862 713 948 765 se
1003 690 1188 786 [tres
1236 685 1570 760 menses2
1622 687 2044 760 continebat.

1143 788 1579 862 Transactio
1627 793 1825 860 inter
1872 790 2094 883 reyis.

671 916 679 922 ·
805 890 974 961 111.
1073 888 1396 976 Interea,
1449 889 1612 960 dum
1664 910 1799 960 rex
1849 886 2072 961 Svein
2129 906 2443 981 peregre
2489 885 2622 957 ab-

605 1002 782 1080 erat,
803 989 1190 1061 Valdemar
1205 1012 1291 1062 se
1321 1010 1571 1082 regem
1592 991 1823 1059 creari
1850 991 2144 1074 curavit,
2170 985 2362 1058 facili
2391 990 2620 1059 omni-

599 1116 718 1167 um
770 1094 1029 1164 civium
1078 1089 1467 1175 voluntate,
1522 1110 1819 1183 quorum
1882 1092 2155 1160 animos
2201 1086 2337 1158 sibi
2405 1097 2621 1159 autea

604 1191 1080 1265 conciliasset.
1200 1187 1423 1281 Igitur
1485 1198 1825 1282 uterque,
1901 1186 2288 1265 Valdemar
2347 1209 2431 1258 ac
2484 1209 2621 1259 rex

601 1291 915 1377 KnutuS,
965 1288 1199 1362 affinis
1254 1292 1451 1381 ejuS,
1503 1310 1589 1361 se
1642 1310 1865 1381 reges
1912 1288 2441 1381 inaugurandos
2493 1311 2621 1359 eu-

602 1405 778 1465 rant.
908 1390 1187 1477 Eodem
1269 1393 1616 1484 temporis
1683 1388 2058 1461 intervallo
2129 1386 2265 1460 reik
2329 1388 2620 1461 Knutus

605 1514 943 1587 sponsam
994 1513 1219 1578 suam,
1268 1494 1468 1581 regis
1522 1489 1916 1562 Sorkveris
1970 1489 2205 1576 filiam,
2255 1512 2296 1560 a
2349 1487 2618 1563 Svecia

607 1596 1002 1666 arcessivit.
1131 1590 1412 1662 Interea
1464 1612 1681 1677 vero,
1765 1591 1927 1660 dum
1997 1612 2132 1662 rex
2199 1589 2483 1663 Knutus
2548 1592 2619 1660 in
2701 1664 2706 1669 ,

608 1691 873 1765 Svecia
923 1712 1010 1763 se
1062 1691 1503 1778 continebat,
1555 1713 1687 1761 rex
1738 1689 1962 1762 Svein
2027 1714 2113 1763 ac
2166 1693 2311 1762 dux
2360 1690 2615 1762 Henri-

608 1815 742 1867 cus
792 1797 864 1864 in
913 1792 1209 1863 Daniam
1263 1801 1652 1877 venerunt,
1725 1792 2132 1888 ibidemque
2188 1793 2616 1887 quatuorde-

607 1898 743 1967 cim
797 1896 958 1966 dies
1012 1897 1261 1967 morati
1313 1902 1513 1982 sunt3
1568 1892 1641 1963 hi
1691 1914 1924 1986 usque
1959 1914 2049 1963 eo
2077 1903 2618 1987 processerunt,

609 1996 843 2069 donee
894 1991 1440 2068 Sumarstados3
1493 1998 1562 2064 in
1612 1993 1807 2065 Jotia
1848 2003 2348 2087 pervenerunt.
2448 1993 2618 2084 Quo

606 2101 896 2189 cognito
964 2119 1100 2167 rex
1160 2095 1547 2168 Valdemar
1620 2108 1778 2166 cum
1846 2091 2218 2182 militibus,
2295 2116 2481 2188 quos
2545 2101 2620 2166 in

608 2196 950 2269 Selandia
1001 2200 1310 2268 nancisci
1362 2206 1681 2290 poterat,
1734 2199 1804 2265 in
1857 2193 2172 2267 Fioniam
2226 2194 2619 2290 prosectuS,
2709 2238 2714 2241 -

606 2306 985 2391 peragrata
1035 2295 1282 2368 Fionia
1331 2298 1421 2366 ad
1475 2296 1732 2367 fretum
1784 2295 2359 2382 Medalfarense,
2425 2298 2621 2390 quod

608 2406 907 2491 propter
955 2396 1296 2490 glaciatas
1349 2418 1571 2490 aquas
1622 2418 1764 2468 non
1816 2399 1975 2467 sine
2030 2420 2277 2491 magna
2319 2395 2620 2469 difficul-

609 2507 757 2571 tate
807 2501 1095 2573 transiri
1144 2501 1392 2590 potuit,
1446 2499 1791 2591 pervenit.
1907 2496 2123 2588 Quod
2177 2521 2388 2592 quum
2443 2499 2621 2570 duo-

610 2600 1002 2673 vicesimus
1053 2602 1211 2692 ipse
1260 2596 1524 2692 scapha
1587 2601 2031 2690 trajecisset,
2109 2599 2485 2671 confestim
2551 2604 2622 2670 in

610 2708 858 2794 partes
924 2698 1142 2772 Jotiae
1219 2699 1849 2794 septemtrionales
1931 2699 2303 2792 profectus
2379 2702 2627 2794 copias

615 2800 942 2892 cogebat.
1068 2802 1188 2872 De
1241 2805 1447 2894 cujus
1515 2804 1771 2873 itinere
1840 2821 1977 2870 rex
2043 2796 2268 2873 Svein
2341 2810 2414 2871 et
2473 2801 2625 2875 dux

613 2899 973 2973 Heuricus
1041 2905 1394 2974 certiores
1459 2901 1661 2987 facti,
1738 2924 1949 2995 quum
2017 2900 2392 2975 adveutum
2463 2905 2624 2993 ejus

618 3011 1050 3094 exspectare
1102 3001 1397 3087 nollent,
1449 3001 1614 3092 fuga
1668 3023 1754 3072 se
1805 3001 2286 3094 abripuerunt,
2339 3023 2626 3095 quaque

616 3100 1191 3193 quatuordeeim4
1243 3100 1499 3172 diebus
1550 3105 1688 3172 iter
1724 3101 2067 3187 fecerant,
2123 3104 2372 3173 eadem
2402 3101 2626 3175 biduo

613 3202 894 3281 reversi
942 3210 1129 3271 sunt.
1242 3198 1409 3290 Quo
1460 3204 1749 3293 cognito
1812 3224 1949 3274 rex
1996 3201 2417 3289 Valdemar,
2504 3224 2623 3274 re·

615 3302 859 3371 missis
908 3302 1160 3393 copiiS,
1210 3299 1516 3371 hiemem
1567 3305 1641 3371 in
1672 3300 1866 3373 Jotia
1895 3307 2267 3396 transegit,
2321 3304 2624 3374 reditum

616 3399 839 3473 Knuti
905 3404 1106 3492 regis
1177 3410 1625 3494 exspectans.
1755 3402 1921 3491 Rex
1989 3403 2213 3475 Svein
2276 3402 2484 3476 brevi
2551 3407 2625 3474 in

619 3497 934 3571 Saxonia
989 3512 1502 3588 commoratus,
1583 3507 1971 3575 mansionis
2035 3514 2390 3597 pertaesus
2457 3505 2625 3575 inde

615 3602 692 3672 in
740 3599 1231 3673 Vindlandiam
1284 3603 1654 3696 profectus
1706 3615 1841 3691 est,
1891 3603 2360 3698 Vendosque,
2412 3614 2491 3677 ut
2536 3625 2625 3676 se

618 3702 692 3775 in
740 3697 1054 3773 Fioniam
1106 3703 1678 3792 transveherent,
1713 3707 2014 3798 pecunia
2044 3706 2404 3797 perduxit·
2455 3703 2624 3795 Quo

621 3804 908 3895 cognito
959 3825 1095 3874 rex
1143 3804 1430 3877 Knutus
1486 3816 1559 3877 et
1604 3805 2025 3890 Valdemar,
2089 3808 2318 3898 copiis
2371 3809 2444 3876 in
2496 3826 2630 3875 ex-

694 3958 740 4024 1)
776 3980 915 4013 nunc
958 3958 1288 4029 Landeberg
1323 3963 1378 4013 in
1415 3982 1548 4034 pago
1567 3963 1818 4034 Lipsiensi
1839 3961 2073 4017 Saxoniae
2096 3961 2391 4034 superioris.
2463 3960 2514 4027 ²)
2531 3961 2632 4025 tri-

620 4052 850 4119 ennIum,
888 4052 1022 4107 Saxo
1059 4073 1111 4123 p.
1146 4049 1271 4104 271.
1381 4052 1430 4120 ⁸)
1467 4074 1607 4109 nunc
1642 4055 2005 4108 Summersted
2039 4056 2095 4112 {n
2132 4057 2323 4110 ducatu
2342 4053 2629 4110 Slesvken-

619 4143 681 4201 εἰ.
791 4144 842 4214 ⁸)
880 4144 1172 4210 duoaeeim,
1213 4142 1273 4204 C,
1303 4141 1428 4209 ΚΒ.
