<?xml version="1.0" encoding="UTF-8"?>
<!DOCTYPE html PUBLIC "-//W3C//DTD XHTML 1.0 Transitional//EN"
    "http://www.w3.org/TR/xhtml1/DTD/xhtml1-transitional.dtd">
<html xmlns="http://www.w3.org/1999/xhtml" xml:lang="en" lang="en">
 <head>
  <title>
</title>
<meta http-equiv="Content-Type" content="text/html;charset=utf-8" />
  <meta name='ocr-system' content='tesseract 3.04.00' />
  <meta name='ocr-capabilities' content='ocr_page ocr_carea ocr_par ocr_line ocrx_word'/>
</head>
<body>
  <div class='ocr_page' id='page_1' title='image "./scriptahistoric02dengoog_0401.png"; bbox 0 0 2950 4684; ppageno 0'>
   <div class='ocr_carea' id='block_1_1' title="bbox 309 330 2331 423">
    <p class='ocr_par' dir='ltr' id='par_1_1' title="bbox 309 330 2331 423">
     <span class='ocr_line' id='line_1_1' title="bbox 309 330 2331 423; baseline 0.008 -30"><span class='ocrx_word' id='word_1_1' title='bbox 309 348 382 410; x_wconf 78' lang='lat'>0</span> <span class='ocrx_word' id='word_1_2' title='bbox 406 346 471 412; x_wconf 70' lang='lat'><strong>3,</strong></span> <span class='ocrx_word' id='word_1_3' title='bbox 591 383 596 387; x_wconf 91' lang='lat'><strong>.</strong></span> <span class='ocrx_word' id='word_1_4' title='bbox 774 353 876 400; x_wconf 75' lang='lat' dir='ltr'><strong>nr.</strong></span> <span class='ocrx_word' id='word_1_5' title='bbox 925 353 1234 401; x_wconf 75' lang='grc' dir='ltr'>ιιιιιιοιιιι</span> <span class='ocrx_word' id='word_1_6' title='bbox 1288 351 1583 400; x_wconf 68' lang='lat' dir='ltr'><strong>nam-:11</strong></span> <span class='ocrx_word' id='word_1_7' title='bbox 1636 354 1867 405; x_wconf 75' lang='lat' dir='ltr'><strong>nmo.</strong></span> <span class='ocrx_word' id='word_1_8' title='bbox 2151 330 2331 423; x_wconf 74' lang='grc'><strong>385</strong></span> 
     </span>
    </p>
   </div>
   <div class='ocr_carea' id='block_1_2' title="bbox 300 535 2341 2237">
    <p class='ocr_par' dir='ltr' id='par_1_2' title="bbox 300 535 2341 2237">
     <span class='ocr_line' id='line_1_2' title="bbox 307 535 2320 640; baseline 0.005 -31"><span class='ocrx_word' id='word_1_9' title='bbox 307 547 530 610; x_wconf 85' lang='lat' dir='ltr'><strong>artem</strong></span> <span class='ocrx_word' id='word_1_10' title='bbox 584 535 924 637; x_wconf 79' lang='lat' dir='ltr'><strong>celerius,</strong></span> <span class='ocrx_word' id='word_1_11' title='bbox 979 560 1181 634; x_wconf 85' lang='lat' dir='ltr'><strong>quam</strong></span> <span class='ocrx_word' id='word_1_12' title='bbox 1231 535 1421 610; x_wconf 82' lang='lat' dir='ltr'><strong>issam</strong></span> <span class='ocrx_word' id='word_1_13' title='bbox 1473 542 1958 634; x_wconf 88' lang='lat' dir='ltr'><strong>superiorem,</strong></span> <span class='ocrx_word' id='word_1_14' title='bbox 2008 549 2320 640; x_wconf 82' lang='lat' dir='ltr'><strong>arripuit,</strong></span> 
     </span>
     <span class='ocr_line' id='line_1_3' title="bbox 306 639 2319 736; baseline 0.005 -26"><span class='ocrx_word' id='word_1_15' title='bbox 306 639 495 710; x_wconf 88' lang='lat' dir='ltr'><strong>adeo</strong></span> <span class='ocrx_word' id='word_1_16' title='bbox 546 648 624 711; x_wconf 86' lang='lat' dir='ltr'><strong>ut</strong></span> <span class='ocrx_word' id='word_1_17' title='bbox 674 642 1014 730; x_wconf 84' lang='lat' dir='ltr'><strong>magister</strong></span> <span class='ocrx_word' id='word_1_18' title='bbox 1063 661 1199 710; x_wconf 87' lang='lat' dir='ltr'><strong>sex</strong></span> <span class='ocrx_word' id='word_1_19' title='bbox 1251 641 1618 712; x_wconf 87' lang='lat' dir='ltr'><strong>mensibus</strong></span> <span class='ocrx_word' id='word_1_20' title='bbox 1674 640 1938 736; x_wconf 82' lang='lat' dir='ltr'><strong>elapsis</strong></span> <span class='ocrx_word' id='word_1_21' title='bbox 1971 642 2319 720; x_wconf 69' lang='lat' dir='ltr'><strong>fater-ico</strong></span> 
     </span>
     <span class='ocr_line' id='line_1_4' title="bbox 310 739 2320 836; baseline 0.005 -28"><span class='ocrx_word' id='word_1_22' title='bbox 310 750 643 830; x_wconf 79' lang='lat' dir='ltr'>geretur,</span> <span class='ocrx_word' id='word_1_23' title='bbox 724 760 808 810; x_wconf 89' lang='lat' dir='ltr'><strong>se</strong></span> <span class='ocrx_word' id='word_1_24' title='bbox 879 739 1049 810; x_wconf 85' lang='lat' dir='ltr'><strong>nibil</strong></span> <span class='ocrx_word' id='word_1_25' title='bbox 1119 739 1424 827; x_wconf 86' lang='lat' dir='ltr'><strong>habere,</strong></span> <span class='ocrx_word' id='word_1_26' title='bbox 1506 743 1695 835; x_wconf 89' lang='lat' dir='ltr'><strong>quod</strong></span> <span class='ocrx_word' id='word_1_27' title='bbox 1768 765 1923 814; x_wconf 91' lang='lat' dir='ltr'><strong>eum</strong></span> <span class='ocrx_word' id='word_1_28' title='bbox 1997 747 2320 836; x_wconf 86' lang='lat' dir='ltr'><strong>doceret,</strong></span> 
     </span>
     <span class='ocr_line' id='line_1_5' title="bbox 305 840 2341 938; baseline 0.001 -29"><span class='ocrx_word' id='word_1_29' title='bbox 305 841 639 933; x_wconf 77' lang='lat' dir='ltr'>idemque</span> <span class='ocrx_word' id='word_1_30' title='bbox 690 845 847 932; x_wconf 81' lang='lat' dir='ltr'><strong>regi</strong></span> <span class='ocrx_word' id='word_1_31' title='bbox 900 840 1352 931; x_wconf 84' lang='lat' dir='ltr'><strong>significaret.</strong></span> <span class='ocrx_word' id='word_1_32' title='bbox 1463 840 1709 936; x_wconf 87' lang='lat' dir='ltr'><strong>Itaque</strong></span> <span class='ocrx_word' id='word_1_33' title='bbox 1763 864 1892 914; x_wconf 85' lang='lat' dir='ltr'><strong>rex</strong></span> <span class='ocrx_word' id='word_1_34' title='bbox 1944 846 2341 938; x_wconf 83' lang='lat' dir='ltr'><strong>Vigfusem..</strong></span> 
     </span>
     <span class='ocr_line' id='line_1_6' title="bbox 305 942 2320 1034; baseline 0.004 -23"><span class='ocrx_word' id='word_1_35' title='bbox 305 943 517 1011; x_wconf 85' lang='lat' dir='ltr'><strong>tertio</strong></span> <span class='ocrx_word' id='word_1_36' title='bbox 573 943 937 1032; x_wconf 84' lang='lat' dir='ltr'><strong>magistro,</strong></span> <span class='ocrx_word' id='word_1_37' title='bbox 988 942 1279 1027; x_wconf 87' lang='lat' dir='ltr'><strong>aurifici,</strong></span> <span class='ocrx_word' id='word_1_38' title='bbox 1329 944 1560 1030; x_wconf 81' lang='lat' dir='ltr'>tradit,</span> <span class='ocrx_word' id='word_1_39' title='bbox 1613 953 1689 1014; x_wconf 89' lang='lat' dir='ltr'><strong>ut</strong></span> <span class='ocrx_word' id='word_1_40' title='bbox 1728 944 2155 1034; x_wconf 75' lang='lat' dir='ltr'><strong>caelaturam,</strong></span> <span class='ocrx_word' id='word_1_41' title='bbox 2207 971 2320 1020; x_wconf 89' lang='lat' dir='ltr'><strong>ar-</strong></span> 
     </span>
     <span class='ocr_line' id='line_1_7' title="bbox 307 1042 2320 1132; baseline 0.004 -21"><span class='ocrx_word' id='word_1_42' title='bbox 307 1050 450 1111; x_wconf 87' lang='lat' dir='ltr'><strong>tem</strong></span> <span class='ocrx_word' id='word_1_43' title='bbox 504 1062 821 1132; x_wconf 85' lang='lat' dir='ltr'><strong>gemmas</strong></span> <span class='ocrx_word' id='word_1_44' title='bbox 871 1062 1047 1112; x_wconf 83' lang='lat' dir='ltr'><strong>auro</strong></span> <span class='ocrx_word' id='word_1_45' title='bbox 1112 1042 1520 1114; x_wconf 82' lang='lat' dir='ltr'><strong>includendi</strong></span> <span class='ocrx_word' id='word_1_46' title='bbox 1572 1053 1664 1113; x_wconf 87' lang='lat' dir='ltr'><strong>et·</strong></span> <span class='ocrx_word' id='word_1_47' title='bbox 1699 1050 2157 1118; x_wconf 78' lang='lat' dir='ltr'><strong>encausticen</strong></span> <span class='ocrx_word' id='word_1_48' title='bbox 2195 1049 2320 1119; x_wconf 87' lang='lat' dir='ltr'><strong>ad-</strong></span> 
     </span>
     <span class='ocr_line' id='line_1_8' title="bbox 306 1140 2318 1236; baseline 0.004 -24"><span class='ocrx_word' id='word_1_49' title='bbox 306 1142 642 1215; x_wconf 76' lang='lat' dir='ltr'><strong>disceret.</strong></span> <span class='ocrx_word' id='word_1_50' title='bbox 762 1140 905 1232; x_wconf 79' lang='lat' dir='ltr'><strong>Qui</strong></span> <span class='ocrx_word' id='word_1_51' title='bbox 957 1147 1332 1233; x_wconf 87' lang='lat' dir='ltr'><strong>magister,</strong></span> <span class='ocrx_word' id='word_1_52' title='bbox 1389 1143 1656 1236; x_wconf 79' lang='lat' dir='ltr'><strong>elapsis</strong></span> <span class='ocrx_word' id='word_1_53' title='bbox 1711 1155 1874 1216; x_wconf 85' lang='lat' dir='ltr'><strong>octo</strong></span> <span class='ocrx_word' id='word_1_54' title='bbox 1931 1144 2318 1235; x_wconf 86' lang='lat' dir='ltr'><strong>mensibus,</strong></span> 
     </span>
     <span class='ocr_line' id='line_1_9' title="bbox 307 1242 2317 1335; baseline 0.004 -23"><span class='ocrx_word' id='word_1_55' title='bbox 307 1262 558 1334; x_wconf 84' lang='lat' dir='ltr'><strong>regem</strong></span> <span class='ocrx_word' id='word_1_56' title='bbox 614 1243 797 1328; x_wconf 86' lang='lat' dir='ltr'><strong>adit,</strong></span> <span class='ocrx_word' id='word_1_57' title='bbox 851 1263 938 1313; x_wconf 90' lang='lat' dir='ltr'><strong>se</strong></span> <span class='ocrx_word' id='word_1_58' title='bbox 991 1242 1158 1314; x_wconf 89' lang='lat' dir='ltr'><strong>huic</strong></span> <span class='ocrx_word' id='word_1_59' title='bbox 1210 1243 1473 1312; x_wconf 90' lang='lat' dir='ltr'><strong>homini</strong></span> <span class='ocrx_word' id='word_1_60' title='bbox 1527 1242 1828 1335; x_wconf 89' lang='lat' dir='ltr'><strong>amplius</strong></span> <span class='ocrx_word' id='word_1_61' title='bbox 1878 1248 2317 1320; x_wconf 88' lang='lat' dir='ltr'><strong>instituendo</strong></span> 
     </span>
     <span class='ocr_line' id='line_1_10' title="bbox 305 1341 2314 1437; baseline 0.004 -25"><span class='ocrx_word' id='word_1_62' title='bbox 305 1364 448 1413; x_wconf 87' lang='lat' dir='ltr'><strong>uon</strong></span> <span class='ocrx_word' id='word_1_63' title='bbox 502 1341 842 1413; x_wconf 84' lang='lat' dir='ltr'><strong>sufficere</strong></span> <span class='ocrx_word' id='word_1_64' title='bbox 893 1341 1167 1430; x_wconf 84' lang='lat' dir='ltr'><strong>sassus3</strong></span> <span class='ocrx_word' id='word_1_65' title='bbox 1221 1346 1572 1413; x_wconf 87' lang='lat' dir='ltr'><strong>neminem</strong></span> <span class='ocrx_word' id='word_1_66' title='bbox 1627 1365 1931 1437; x_wconf 87' lang='lat' dir='ltr'><strong>unquam</strong></span> <span class='ocrx_word' id='word_1_67' title='bbox 1988 1356 2123 1416; x_wconf 85' lang='lat' dir='ltr'><strong>tam</strong></span> <span class='ocrx_word' id='word_1_68' title='bbox 2166 1346 2314 1419; x_wconf 86' lang='lat' dir='ltr'><strong>sol-</strong></span> 
     </span>
     <span class='ocr_line' id='line_1_11' title="bbox 304 1440 2315 1563; baseline 0.003 -51"><span class='ocrx_word' id='word_1_69' title='bbox 304 1440 560 1512; x_wconf 83' lang='lat' dir='ltr'><strong>lertem</strong></span> <span class='ocrx_word' id='word_1_70' title='bbox 633 1452 706 1514; x_wconf 87' lang='lat' dir='ltr'><strong>et</strong></span> <span class='ocrx_word' id='word_1_71' title='bbox 776 1444 1220 1534; x_wconf 85' lang='lat' dir='ltr'><strong>ingeniosum</strong></span> <span class='ocrx_word' id='word_1_72' title='bbox 1285 1443 1374 1513; x_wconf 88' lang='lat' dir='ltr'><strong>ad</strong></span> <span class='ocrx_word' id='word_1_73' title='bbox 1453 1465 1673 1563; x_wconf 76' lang='lat' dir='ltr'><strong>opera</strong></span> <span class='ocrx_word' id='word_1_74' title='bbox 1744 1445 2098 1517; x_wconf 89' lang='lat' dir='ltr'><strong>metallica</strong></span> <span class='ocrx_word' id='word_1_75' title='bbox 2168 1447 2315 1519; x_wconf 89' lang='lat' dir='ltr'><strong>ela-</strong></span> 
     </span>
     <span class='ocr_line' id='line_1_12' title="bbox 304 1541 2313 1641; baseline 0.003 -29"><span class='ocrx_word' id='word_1_76' title='bbox 304 1541 620 1614; x_wconf 84' lang='lat' dir='ltr'><strong>boranda</strong></span> <span class='ocrx_word' id='word_1_77' title='bbox 674 1542 987 1630; x_wconf 85' lang='lat' dir='ltr'><strong>vidisse3</strong></span> <span class='ocrx_word' id='word_1_78' title='bbox 1041 1553 1334 1635; x_wconf 90' lang='lat' dir='ltr'><strong>putare,</strong></span> <span class='ocrx_word' id='word_1_79' title='bbox 1386 1546 1786 1638; x_wconf 78' lang='lat' dir='ltr'><strong>cuicunque</strong></span> <span class='ocrx_word' id='word_1_80' title='bbox 1839 1551 1970 1617; x_wconf 85' lang='lat' dir='ltr'><strong>arti</strong></span> <span class='ocrx_word' id='word_1_81' title='bbox 2023 1568 2313 1641; x_wconf 83' lang='lat' dir='ltr'><strong>operam</strong></span> 
     </span>
     <span class='ocr_line' id='line_1_13' title="bbox 307 1640 2314 1745; baseline 0.004 -33"><span class='ocrx_word' id='word_1_82' title='bbox 307 1643 672 1729; x_wconf 84' lang='lat' dir='ltr'><strong>dedisset,</strong></span> <span class='ocrx_word' id='word_1_83' title='bbox 726 1664 877 1713; x_wconf 88' lang='lat' dir='ltr'><strong>eam</strong></span> <span class='ocrx_word' id='word_1_84' title='bbox 933 1664 1084 1736; x_wconf 86' lang='lat' dir='ltr'><strong>prae</strong></span> <span class='ocrx_word' id='word_1_85' title='bbox 1140 1648 1406 1716; x_wconf 89' lang='lat' dir='ltr'><strong>ceteris</strong></span> <span class='ocrx_word' id='word_1_86' title='bbox 1461 1640 1864 1716; x_wconf 89' lang='lat' dir='ltr'><strong>hominibus</strong></span> <span class='ocrx_word' id='word_1_87' title='bbox 1935 1658 2314 1745; x_wconf 87' lang='lat' dir='ltr'><strong>perceptu-</strong></span> 
     </span>
     <span class='ocr_line' id='line_1_14' title="bbox 300 1742 2314 1851; baseline 0.003 -37"><span class='ocrx_word' id='word_1_88' title='bbox 300 1765 472 1814; x_wconf 78' lang='lat' dir='ltr'><strong>rum.</strong></span> <span class='ocrx_word' id='word_1_89' title='bbox 576 1742 737 1834; x_wconf 82' lang='lat' dir='ltr'><strong>Qua</strong></span> <span class='ocrx_word' id='word_1_90' title='bbox 789 1764 870 1814; x_wconf 90' lang='lat' dir='ltr'><strong>re</strong></span> <span class='ocrx_word' id='word_1_91' title='bbox 925 1742 1205 1816; x_wconf 82' lang='lat' dir='ltr'><strong>laetatus</strong></span> <span class='ocrx_word' id='word_1_92' title='bbox 1260 1766 1392 1817; x_wconf 86' lang='lat' dir='ltr'><strong>rex</strong></span> <span class='ocrx_word' id='word_1_93' title='bbox 1442 1744 1820 1851; x_wconf 81' lang='lat' dir='ltr'><strong>Vigfusem</strong></span> <span class='ocrx_word' id='word_1_94' title='bbox 1873 1757 2125 1841; x_wconf 87' lang='lat' dir='ltr'><strong>quarto</strong></span> <span class='ocrx_word' id='word_1_95' title='bbox 2172 1771 2314 1820; x_wconf 88' lang='lat' dir='ltr'><strong>ma-</strong></span> 
     </span>
     <span class='ocr_line' id='line_1_15' title="bbox 302 1840 2314 1945; baseline 0.002 -30"><span class='ocrx_word' id='word_1_96' title='bbox 302 1847 553 1935; x_wconf 84' lang='lat' dir='ltr'><strong>gistro,</strong></span> <span class='ocrx_word' id='word_1_97' title='bbox 606 1843 966 1937; x_wconf 80' lang='lat' dir='ltr'><strong>lapicidae,</strong></span> <span class='ocrx_word' id='word_1_98' title='bbox 1017 1840 1520 1916; x_wconf 86' lang='lat' dir='ltr'><strong>instituendum</strong></span> <span class='ocrx_word' id='word_1_99' title='bbox 1574 1844 1820 1932; x_wconf 81' lang='lat' dir='ltr'><strong>tradit,</strong></span> <span class='ocrx_word' id='word_1_100' title='bbox 1888 1855 1968 1916; x_wconf 89' lang='lat' dir='ltr'><strong>ut</strong></span> <span class='ocrx_word' id='word_1_101' title='bbox 2022 1846 2314 1945; x_wconf 81' lang='lat' dir='ltr'><strong>lapides</strong></span> 
     </span>
     <span class='ocr_line' id='line_1_16' title="bbox 302 1938 2312 2041; baseline 0.003 -28"><span class='ocrx_word' id='word_1_102' title='bbox 302 1964 586 2028; x_wconf 82' lang='lat' dir='ltr'><strong>secare,</strong></span> <span class='ocrx_word' id='word_1_103' title='bbox 640 1954 1142 2035; x_wconf 76' lang='lat' dir='ltr'><strong>coagmentare</strong></span> <span class='ocrx_word' id='word_1_104' title='bbox 1199 1956 1272 2015; x_wconf 87' lang='lat' dir='ltr'><strong>et</strong></span> <span class='ocrx_word' id='word_1_105' title='bbox 1322 1965 1598 2041; x_wconf 87' lang='lat' dir='ltr'><strong>ponere</strong></span> <span class='ocrx_word' id='word_1_106' title='bbox 1651 1938 2042 2016; x_wconf 86' lang='lat' dir='ltr'><strong>secundum</strong></span> <span class='ocrx_word' id='word_1_107' title='bbox 2098 1964 2312 2039; x_wconf 85' lang='lat' dir='ltr'><strong>regu-</strong></span> 
     </span>
     <span class='ocr_line' id='line_1_17' title="bbox 306 2041 2312 2134; baseline 0.002 -22"><span class='ocrx_word' id='word_1_108' title='bbox 306 2041 417 2114; x_wconf 86' lang='lat' dir='ltr'><strong>las</strong></span> <span class='ocrx_word' id='word_1_109' title='bbox 468 2044 1078 2114; x_wconf 78' lang='lat' dir='ltr'><strong>caementariorum</strong></span> <span class='ocrx_word' id='word_1_110' title='bbox 1135 2044 1469 2115; x_wconf 75' lang='lat' dir='ltr'><strong>disceret.</strong></span> <span class='ocrx_word' id='word_1_111' title='bbox 1570 2042 1800 2134; x_wconf 78' lang='lat' dir='ltr'><strong>Quam</strong></span> <span class='ocrx_word' id='word_1_112' title='bbox 1853 2059 2074 2114; x_wconf 90' lang='lat' dir='ltr'><strong>artem</strong></span> <span class='ocrx_word' id='word_1_113' title='bbox 2128 2067 2312 2117; x_wconf 88' lang='lat' dir='ltr'><strong>anno</strong></span> 
     </span>
     <span class='ocr_line' id='line_1_18' title="bbox 303 2144 2313 2237; baseline 0.001 -23"><span class='ocrx_word' id='word_1_114' title='bbox 303 2151 633 2214; x_wconf 87' lang='lat' dir='ltr'><strong>vertente</strong></span> <span class='ocrx_word' id='word_1_115' title='bbox 684 2147 1117 2237; x_wconf 79' lang='lat' dir='ltr'><strong>arripuerat,</strong></span> <span class='ocrx_word' id='word_1_116' title='bbox 1200 2144 1455 2214; x_wconf 88' lang='lat' dir='ltr'><strong>eodem</strong></span> <span class='ocrx_word' id='word_1_117' title='bbox 1514 2165 1654 2237; x_wconf 90' lang='lat' dir='ltr'><strong>quo</strong></span> <span class='ocrx_word' id='word_1_118' title='bbox 1707 2146 1775 2213; x_wconf 87' lang='lat' dir='ltr'><strong>iu</strong></span> <span class='ocrx_word' id='word_1_119' title='bbox 1829 2148 2095 2215; x_wconf 88' lang='lat' dir='ltr'><strong>ceter-is</strong></span> <span class='ocrx_word' id='word_1_120' title='bbox 2147 2166 2313 2217; x_wconf 88' lang='lat' dir='ltr'><strong>suc-</strong></span> 
     </span>
    </p>
   </div>
   <div class='ocr_carea' id='block_1_3' title="bbox 304 2242 2407 2329">
    <p class='ocr_par' dir='ltr' id='par_1_3' title="bbox 304 2242 2407 2329">
     <span class='ocr_line' id='line_1_19' title="bbox 304 2242 2407 2329; baseline -0.002 -14"><span class='ocrx_word' id='word_1_121' title='bbox 304 2244 564 2329; x_wconf 81' lang='lat' dir='ltr'><strong>cessu,</strong></span> <span class='ocrx_word' id='word_1_122' title='bbox 651 2243 838 2314; x_wconf 88' lang='lat' dir='ltr'><strong>adeo</strong></span> <span class='ocrx_word' id='word_1_123' title='bbox 908 2253 987 2314; x_wconf 88' lang='lat' dir='ltr'><strong>ut</strong></span> <span class='ocrx_word' id='word_1_124' title='bbox 1055 2253 1346 2315; x_wconf 89' lang='lat' dir='ltr'><strong>ceteros</strong></span> <span class='ocrx_word' id='word_1_125' title='bbox 1424 2242 1735 2314; x_wconf 82' lang='lat' dir='ltr'><strong>artifices</strong></span> <span class='ocrx_word' id='word_1_126' title='bbox 1799 2242 2169 2316; x_wconf 86' lang='lat' dir='ltr'><strong>celeritate</strong></span> <span class='ocrx_word' id='word_1_127' title='bbox 2241 2254 2316 2316; x_wconf 89' lang='lat' dir='ltr'><strong>et</strong></span> <span class='ocrx_word' id='word_1_128' title='bbox 2404 2308 2407 2311; x_wconf 75' lang='grc'>,</span> 
     </span>
    </p>
   </div>
   <div class='ocr_carea' id='block_1_4' title="bbox 299 2341 2314 4128">
    <p class='ocr_par' dir='ltr' id='par_1_4' title="bbox 299 2341 2314 4128">
     <span class='ocr_line' id='line_1_20' title="bbox 306 2341 2312 2437; baseline 0 -22"><span class='ocrx_word' id='word_1_129' title='bbox 306 2361 607 2437; x_wconf 78' lang='lat' dir='ltr'><strong>operum</strong></span> <span class='ocrx_word' id='word_1_130' title='bbox 653 2342 1130 2436; x_wconf 84' lang='lat' dir='ltr'><strong>pulcritudine</strong></span> <span class='ocrx_word' id='word_1_131' title='bbox 1184 2353 1583 2437; x_wconf 88' lang='lat' dir='ltr'><strong>superaret.</strong></span> <span class='ocrx_word' id='word_1_132' title='bbox 1705 2341 1866 2415; x_wconf 86' lang='lat' dir='ltr'><strong>Jam</strong></span> <span class='ocrx_word' id='word_1_133' title='bbox 1922 2355 2177 2416; x_wconf 85' lang='lat' dir='ltr'><strong>exacto</strong></span> <span class='ocrx_word' id='word_1_134' title='bbox 2226 2347 2312 2417; x_wconf 88' lang='lat' dir='ltr'><strong>ti·</strong></span> 
     </span>
     <span class='ocr_line' id='line_1_21' title="bbox 300 2436 2313 2537; baseline 0.001 -23"><span class='ocrx_word' id='word_1_135' title='bbox 300 2446 556 2515; x_wconf 87' lang='lat' dir='ltr'><strong>rocinii</strong></span> <span class='ocrx_word' id='word_1_136' title='bbox 608 2452 967 2537; x_wconf 88' lang='lat' dir='ltr'><strong>tempore,</strong></span> <span class='ocrx_word' id='word_1_137' title='bbox 1044 2448 1253 2535; x_wconf 82' lang='lat' dir='ltr'><strong>jussu</strong></span> <span class='ocrx_word' id='word_1_138' title='bbox 1320 2447 1521 2535; x_wconf 84' lang='lat' dir='ltr'><strong>regis</strong></span> <span class='ocrx_word' id='word_1_139' title='bbox 1576 2436 1957 2514; x_wconf 79' lang='lat' dir='ltr'><strong>artificiosa</strong></span> <span class='ocrx_word' id='word_1_140' title='bbox 2009 2441 2313 2531; x_wconf 82' lang='lat' dir='ltr'><strong>cimelia,</strong></span> 
     </span>
     <span class='ocr_line' id='line_1_22' title="bbox 303 2542 2313 2638; baseline 0 -24"><span class='ocrx_word' id='word_1_141' title='bbox 303 2566 465 2638; x_wconf 70' lang='lat' dir='ltr'><strong>quae</strong></span> <span class='ocrx_word' id='word_1_142' title='bbox 519 2564 655 2615; x_wconf 82' lang='lat' dir='ltr'><strong>rex</strong></span> <span class='ocrx_word' id='word_1_143' title='bbox 723 2547 992 2615; x_wconf 84' lang='lat' dir='ltr'><strong>civitati</strong></span> <span class='ocrx_word' id='word_1_144' title='bbox 1047 2552 1461 2614; x_wconf 86' lang='lat' dir='ltr'><strong>ornamento</strong></span> <span class='ocrx_word' id='word_1_145' title='bbox 1536 2565 1705 2615; x_wconf 87' lang='lat' dir='ltr'><strong>esse</strong></span> <span class='ocrx_word' id='word_1_146' title='bbox 1778 2542 2038 2629; x_wconf 82' lang='lat' dir='ltr'><strong>veliet,</strong></span> <span class='ocrx_word' id='word_1_147' title='bbox 2113 2544 2313 2615; x_wconf 83' lang='lat' dir='ltr'><strong>ferro</strong></span> 
     </span>
     <span class='ocr_line' id='line_1_23' title="bbox 303 2642 2313 2736; baseline 0 -23"><span class='ocrx_word' id='word_1_148' title='bbox 303 2642 681 2715; x_wconf 87' lang='lat' dir='ltr'><strong>elaborare</strong></span> <span class='ocrx_word' id='word_1_149' title='bbox 735 2644 1170 2736; x_wconf 85' lang='lat' dir='ltr'><strong>adgreditur.</strong></span> <span class='ocrx_word' id='word_1_150' title='bbox 1272 2642 1352 2712; x_wconf 87' lang='lat' dir='ltr'><strong>ln</strong></span> <span class='ocrx_word' id='word_1_151' title='bbox 1404 2662 1495 2713; x_wconf 87' lang='lat' dir='ltr'><strong>eo</strong></span> <span class='ocrx_word' id='word_1_152' title='bbox 1548 2643 1785 2714; x_wconf 87' lang='lat' dir='ltr'><strong>studio</strong></span> <span class='ocrx_word' id='word_1_153' title='bbox 1837 2659 2090 2713; x_wconf 85' lang='lat' dir='ltr'><strong>anuum</strong></span> <span class='ocrx_word' id='word_1_154' title='bbox 2143 2664 2313 2715; x_wconf 84' lang='lat' dir='ltr'><strong>cou-</strong></span> 
     </span>
     <span class='ocr_line' id='line_1_24' title="bbox 302 2736 2314 2836; baseline -0.001 -21"><span class='ocrx_word' id='word_1_155' title='bbox 302 2746 573 2815; x_wconf 80' lang='lat' dir='ltr'><strong>sumsit.</strong></span> <span class='ocrx_word' id='word_1_156' title='bbox 674 2742 865 2828; x_wconf 82' lang='lat' dir='ltr'><strong>Rex,</strong></span> <span class='ocrx_word' id='word_1_157' title='bbox 919 2746 1166 2835; x_wconf 86' lang='lat' dir='ltr'><strong>gratiis</strong></span> <span class='ocrx_word' id='word_1_158' title='bbox 1215 2763 1347 2836; x_wconf 88' lang='lat' dir='ltr'><strong>pro</strong></span> <span class='ocrx_word' id='word_1_159' title='bbox 1381 2738 1628 2813; x_wconf 84' lang='lat' dir='ltr'><strong>lab&#39;ore</strong></span> <span class='ocrx_word' id='word_1_160' title='bbox 1660 2736 1864 2826; x_wconf 77' lang='lat' dir='ltr'><strong>actiS,</strong></span> <span class='ocrx_word' id='word_1_161' title='bbox 1901 2736 2314 2813; x_wconf 76' lang='lat' dir='ltr'><strong>mercedem</strong></span> 
     </span>
     <span class='ocr_line' id='line_1_25' title="bbox 303 2836 2312 2935; baseline -0.001 -22"><span class='ocrx_word' id='word_1_162' title='bbox 303 2842 560 2914; x_wconf 80' lang='lat' dir='ltr'><strong>obfert.</strong></span> <span class='ocrx_word' id='word_1_163' title='bbox 634 2842 761 2914; x_wconf 82' lang='lat' dir='ltr'><strong>At</strong></span> <span class='ocrx_word' id='word_1_164' title='bbox 810 2842 1073 2935; x_wconf 85' lang='lat' dir='ltr'><strong>Vigsus</strong></span> <span class='ocrx_word' id='word_1_165' title='bbox 1124 2862 1210 2912; x_wconf 90' lang='lat' dir='ltr'><strong>se</strong></span> <span class='ocrx_word' id='word_1_166' title='bbox 1256 2844 1503 2934; x_wconf 84' lang='lat' dir='ltr'><strong>regiae</strong></span> <span class='ocrx_word' id='word_1_167' title='bbox 1570 2836 1875 2912; x_wconf 65' lang='lat' dir='ltr'><strong>fortunae</strong></span> <span class='ocrx_word' id='word_1_168' title='bbox 1943 2849 2312 2933; x_wconf 89' lang='lat' dir='ltr'><strong>acceptum</strong></span> 
     </span>
     <span class='ocr_line' id='line_1_26' title="bbox 301 2936 2312 3036; baseline -0.001 -24"><span class='ocrx_word' id='word_1_169' title='bbox 301 2942 584 3014; x_wconf 84' lang='lat' dir='ltr'><strong>referre</strong></span> <span class='ocrx_word' id='word_1_170' title='bbox 634 2945 754 3029; x_wconf 88' lang='lat' dir='ltr'><strong>ait,</strong></span> <span class='ocrx_word' id='word_1_171' title='bbox 803 2942 996 3036; x_wconf 89' lang='lat' dir='ltr'><strong>quod</strong></span> <span class='ocrx_word' id='word_1_172' title='bbox 1049 2941 1272 3019; x_wconf 75' lang='lat' dir='ltr'><strong>uilius</strong></span> <span class='ocrx_word' id='word_1_173' title='bbox 1313 2944 1423 3012; x_wconf 88' lang='lat' dir='ltr'><strong>rei</strong></span> <span class='ocrx_word' id='word_1_174' title='bbox 1475 2943 1796 3033; x_wconf 86' lang='lat' dir='ltr'><strong>peritiam</strong></span> <span class='ocrx_word' id='word_1_175' title='bbox 1849 2936 2141 3026; x_wconf 80' lang='lat' dir='ltr'><strong>habeat,</strong></span> <span class='ocrx_word' id='word_1_176' title='bbox 2191 2961 2312 3012; x_wconf 88' lang='lat' dir='ltr'><strong>se-</strong></span> 
     </span>
     <span class='ocr_line' id='line_1_27' title="bbox 303 3034 2312 3136; baseline -0.001 -23"><span class='ocrx_word' id='word_1_177' title='bbox 303 3063 446 3136; x_wconf 83' lang='lat' dir='ltr'><strong>que</strong></span> <span class='ocrx_word' id='word_1_178' title='bbox 498 3042 906 3113; x_wconf 81' lang='lat' dir='ltr'><strong>mercedem</strong></span> <span class='ocrx_word' id='word_1_179' title='bbox 959 3063 1100 3111; x_wconf 89' lang='lat' dir='ltr'><strong>non</strong></span> <span class='ocrx_word' id='word_1_180' title='bbox 1168 3061 1454 3112; x_wconf 88' lang='lat' dir='ltr'><strong>merere</strong></span> <span class='ocrx_word' id='word_1_181' title='bbox 1517 3034 1796 3111; x_wconf 83' lang='lat' dir='ltr'><strong>fatetur.</strong></span> <span class='ocrx_word' id='word_1_182' title='bbox 1898 3039 2312 3113; x_wconf 84' lang='lat' dir='ltr'><strong>Demirante</strong></span> 
     </span>
     <span class='ocr_line' id='line_1_28' title="bbox 300 3138 2312 3237; baseline 0.001 -26"><span class='ocrx_word' id='word_1_183' title='bbox 300 3162 525 3237; x_wconf 82' lang='lat' dir='ltr'><strong>rege,</strong></span> <span class='ocrx_word' id='word_1_184' title='bbox 606 3141 800 3235; x_wconf 83' lang='lat' dir='ltr'><strong>quod</strong></span> <span class='ocrx_word' id='word_1_185' title='bbox 866 3139 1070 3211; x_wconf 82' lang='lat' dir='ltr'><strong>nulla</strong></span> <span class='ocrx_word' id='word_1_186' title='bbox 1126 3141 1466 3212; x_wconf 87' lang='lat' dir='ltr'><strong>mercede</strong></span> <span class='ocrx_word' id='word_1_187' title='bbox 1533 3160 1717 3235; x_wconf 88' lang='lat' dir='ltr'><strong>opus</strong></span> <span class='ocrx_word' id='word_1_188' title='bbox 1767 3138 2014 3210; x_wconf 84' lang='lat' dir='ltr'><strong>facere</strong></span> <span class='ocrx_word' id='word_1_189' title='bbox 2064 3139 2312 3227; x_wconf 83' lang='lat' dir='ltr'><strong>vellet,</strong></span> 
     </span>
     <span class='ocr_line' id='line_1_29' title="bbox 299 3238 2313 3337; baseline 0 -28"><span class='ocrx_word' id='word_1_190' title='bbox 299 3239 593 3333; x_wconf 76' lang='lat' dir='ltr'><strong>Vigtus.</strong></span> <span class='ocrx_word' id='word_1_191' title='bbox 648 3239 834 3312; x_wconf 87' lang='lat' dir='ltr'><strong>haud</strong></span> <span class='ocrx_word' id='word_1_192' title='bbox 888 3238 997 3312; x_wconf 86' lang='lat' dir='ltr'><strong>sic</strong></span> <span class='ocrx_word' id='word_1_193' title='bbox 1051 3245 1223 3324; x_wconf 88' lang='lat' dir='ltr'><strong>erit,</strong></span> <span class='ocrx_word' id='word_1_194' title='bbox 1274 3243 1344 3310; x_wconf 91' lang='lat' dir='ltr'><strong>in</strong></span> <span class='ocrx_word' id='word_1_195' title='bbox 1395 3244 1537 3325; x_wconf 89' lang='lat' dir='ltr'><strong>uit,</strong></span> <span class='ocrx_word' id='word_1_196' title='bbox 1588 3239 1848 3337; x_wconf 84' lang='lat' dir='ltr'><strong>optabo</strong></span> <span class='ocrx_word' id='word_1_197' title='bbox 1900 3238 2093 3333; x_wconf 88' lang='lat' dir='ltr'><strong>quod</strong></span> <span class='ocrx_word' id='word_1_198' title='bbox 2145 3238 2313 3310; x_wconf 80' lang='lat' dir='ltr'><strong>mihi</strong></span> 
     </span>
     <span class='ocr_line' id='line_1_30' title="bbox 301 3334 2311 3436; baseline -0.001 -26"><span class='ocrx_word' id='word_1_199' title='bbox 301 3339 847 3436; x_wconf 79' lang='lat' dir='ltr'><strong>pulcherrimum</strong></span> <span class='ocrx_word' id='word_1_200' title='bbox 899 3334 1207 3426; x_wconf 85' lang='lat' dir='ltr'><strong>videtur,</strong></span> <span class='ocrx_word' id='word_1_201' title='bbox 1259 3338 1350 3409; x_wconf 89' lang='lat' dir='ltr'><strong>mi</strong></span> <span class='ocrx_word' id='word_1_202' title='bbox 1403 3342 1572 3432; x_wconf 87' lang='lat' dir='ltr'><strong>ique</strong></span> <span class='ocrx_word' id='word_1_203' title='bbox 1604 3342 1909 3409; x_wconf 86' lang='lat' dir='ltr'><strong>maximo</strong></span> <span class='ocrx_word' id='word_1_204' title='bbox 1935 3338 2311 3408; x_wconf 84' lang='lat' dir='ltr'><strong>commodo</strong></span> 
     </span>
     <span class='ocr_line' id='line_1_31' title="bbox 302 3432 2312 3531; baseline -0.004 -17"><span class='ocrx_word' id='word_1_205' title='bbox 302 3440 647 3529; x_wconf 76' lang='lat' dir='ltr'><strong>futurum3</strong></span> <span class='ocrx_word' id='word_1_206' title='bbox 701 3460 857 3526; x_wconf 85' lang='lat' dir='ltr'><strong>oro,</strong></span> <span class='ocrx_word' id='word_1_207' title='bbox 906 3449 987 3511; x_wconf 88' lang='lat' dir='ltr'><strong>ut</strong></span> <span class='ocrx_word' id='word_1_208' title='bbox 1035 3440 1203 3510; x_wconf 87' lang='lat' dir='ltr'><strong>mihi</strong></span> <span class='ocrx_word' id='word_1_209' title='bbox 1254 3436 1543 3531; x_wconf 81' lang='lat' dir='ltr'><strong>aliquod</strong></span> <span class='ocrx_word' id='word_1_210' title='bbox 1594 3432 1907 3509; x_wconf 85' lang='lat' dir='ltr'><strong>salutare</strong></span> <span class='ocrx_word' id='word_1_211' title='bbox 1936 3435 2312 3506; x_wconf 87' lang='lat' dir='ltr'><strong>consilium</strong></span> 
     </span>
     <span class='ocr_line' id='line_1_32' title="bbox 305 3533 2310 3622; baseline -0.002 -12"><span class='ocrx_word' id='word_1_212' title='bbox 305 3541 463 3613; x_wconf 81' lang='lat' dir='ltr'><strong>des.</strong></span> <span class='ocrx_word' id='word_1_213' title='bbox 567 3540 735 3611; x_wconf 86' lang='lat' dir='ltr'><strong>Rex</strong></span> <span class='ocrx_word' id='word_1_214' title='bbox 800 3548 1085 3610; x_wconf 86' lang='lat' dir='ltr'><strong>contra.</strong></span> <span class='ocrx_word' id='word_1_215' title='bbox 1155 3547 1232 3609; x_wconf 89' lang='lat' dir='ltr'><strong>tu</strong></span> <span class='ocrx_word' id='word_1_216' title='bbox 1284 3556 1464 3608; x_wconf 87' lang='lat' dir='ltr'><strong>vero</strong></span> <span class='ocrx_word' id='word_1_217' title='bbox 1518 3538 1736 3607; x_wconf 86' lang='lat' dir='ltr'><strong>mirus</strong></span> <span class='ocrx_word' id='word_1_218' title='bbox 1785 3533 1953 3605; x_wconf 88' lang='lat' dir='ltr'><strong>mihi</strong></span> <span class='ocrx_word' id='word_1_219' title='bbox 2011 3535 2310 3622; x_wconf 77' lang='lat' dir='ltr'><strong>videriS,</strong></span> 
     </span>
     <span class='ocr_line' id='line_1_33' title="bbox 304 3635 2309 3732; baseline -0.001 -24"><span class='ocrx_word' id='word_1_220' title='bbox 304 3642 427 3732; x_wconf 82' lang='lat' dir='ltr'><strong>qui</strong></span> <span class='ocrx_word' id='word_1_221' title='bbox 478 3640 820 3731; x_wconf 87' lang='lat' dir='ltr'><strong>pecunias</strong></span> <span class='ocrx_word' id='word_1_222' title='bbox 871 3658 1199 3723; x_wconf 85' lang='lat' dir='ltr'><strong>recuses,</strong></span> <span class='ocrx_word' id='word_1_223' title='bbox 1253 3635 1451 3730; x_wconf 89' lang='lat' dir='ltr'><strong>[talia</strong></span> <span class='ocrx_word' id='word_1_224' title='bbox 1501 3655 1681 3706; x_wconf 87' lang='lat' dir='ltr'><strong>vero</strong></span> <span class='ocrx_word' id='word_1_225' title='bbox 1723 3643 1963 3728; x_wconf 82' lang='lat' dir='ltr'><strong>petas3</strong></span> <span class='ocrx_word' id='word_1_226' title='bbox 2015 3656 2153 3729; x_wconf 85' lang='lat' dir='ltr'><strong>age</strong></span> <span class='ocrx_word' id='word_1_227' title='bbox 2183 3654 2309 3706; x_wconf 87' lang='lat' dir='ltr'><strong>ve-</strong></span> 
     </span>
     <span class='ocr_line' id='line_1_34' title="bbox 301 3739 2310 3830; baseline -0.001 -23"><span class='ocrx_word' id='word_1_228' title='bbox 301 3758 431 3823; x_wconf 87' lang='lat' dir='ltr'><strong>ro,</strong></span> <span class='ocrx_word' id='word_1_229' title='bbox 510 3742 668 3830; x_wconf 86' lang='lat' dir='ltr'><strong>quis</strong></span> <span class='ocrx_word' id='word_1_230' title='bbox 718 3750 791 3810; x_wconf 90' lang='lat' dir='ltr'><strong>te</strong></span> <span class='ocrx_word' id='word_1_231' title='bbox 844 3739 1115 3824; x_wconf 88' lang='lat' dir='ltr'><strong>docuit,</strong></span> <span class='ocrx_word' id='word_1_232' title='bbox 1179 3757 1294 3807; x_wconf 89' lang='lat' dir='ltr'><strong>me</strong></span> <span class='ocrx_word' id='word_1_233' title='bbox 1344 3753 1744 3827; x_wconf 82' lang='lat' dir='ltr'><strong>praesagum</strong></span> <span class='ocrx_word' id='word_1_234' title='bbox 1804 3756 1975 3806; x_wconf 86' lang='lat' dir='ltr'><strong>esse</strong></span> <span class='ocrx_word' id='word_1_235' title='bbox 2028 3745 2149 3805; x_wconf 84' lang='lat' dir='ltr'><strong>aut</strong></span> <span class='ocrx_word' id='word_1_236' title='bbox 2196 3755 2310 3806; x_wconf 90' lang='lat' dir='ltr'><strong>sa-</strong></span> 
     </span>
     <span class='ocr_line' id='line_1_35' title="bbox 300 3834 2308 3931; baseline -0.001 -25"><span class='ocrx_word' id='word_1_237' title='bbox 300 3835 664 3931; x_wconf 71' lang='lat' dir='ltr'><strong>pientem?</strong></span> <span class='ocrx_word' id='word_1_238' title='bbox 715 3836 975 3929; x_wconf 82' lang='lat' dir='ltr'><strong>Vigsus</strong></span> <span class='ocrx_word' id='word_1_239' title='bbox 1027 3834 1435 3931; x_wconf 87' lang='lat' dir='ltr'><strong>respondit,</strong></span> <span class='ocrx_word' id='word_1_240' title='bbox 1515 3855 1746 3931; x_wconf 86' lang='lat' dir='ltr'><strong>seque</strong></span> <span class='ocrx_word' id='word_1_241' title='bbox 1793 3837 1865 3903; x_wconf 88' lang='lat' dir='ltr'><strong>in</strong></span> <span class='ocrx_word' id='word_1_242' title='bbox 1916 3837 2308 3927; x_wconf 88' lang='lat' dir='ltr'><strong>semetipso</strong></span> 
     </span>
     <span class='ocr_line' id='line_1_36' title="bbox 302 3938 2309 4031; baseline -0.003 -23"><span class='ocrx_word' id='word_1_243' title='bbox 302 3945 675 4031; x_wconf 76' lang='lat' dir='ltr'><strong>expertum</strong></span> <span class='ocrx_word' id='word_1_244' title='bbox 730 3957 901 4009; x_wconf 86' lang='lat' dir='ltr'><strong>esse</strong></span> <span class='ocrx_word' id='word_1_245' title='bbox 953 3938 1160 4024; x_wconf 84' lang='lat' dir='ltr'><strong>dixit,</strong></span> <span class='ocrx_word' id='word_1_246' title='bbox 1216 3957 1377 4007; x_wconf 87' lang='lat' dir='ltr'><strong>eum</strong></span> <span class='ocrx_word' id='word_1_247' title='bbox 1431 3943 1507 4005; x_wconf 89' lang='lat' dir='ltr'><strong>et</strong></span> <span class='ocrx_word' id='word_1_248' title='bbox 1556 3938 1946 4027; x_wconf 86' lang='lat' dir='ltr'><strong>sapientem</strong></span> <span class='ocrx_word' id='word_1_249' title='bbox 2002 3942 2076 4006; x_wconf 87' lang='lat' dir='ltr'><strong>et</strong></span> <span class='ocrx_word' id='word_1_250' title='bbox 2124 3953 2309 4025; x_wconf 85' lang='lat' dir='ltr'><strong>prae·</strong></span> 
     </span>
     <span class='ocr_line' id='line_1_37' title="bbox 299 4035 2312 4128; baseline -0.005 -17"><span class='ocrx_word' id='word_1_251' title='bbox 299 4057 552 4128; x_wconf 77' lang='lat' dir='ltr'><strong>sagum</strong></span> <span class='ocrx_word' id='word_1_252' title='bbox 606 4057 795 4113; x_wconf 87' lang='lat' dir='ltr'><strong>esse.</strong></span> <span class='ocrx_word' id='word_1_253' title='bbox 926 4036 1045 4113; x_wconf 91' lang='lat' dir='ltr'><strong>Ad</strong></span> <span class='ocrx_word' id='word_1_254' title='bbox 1100 4047 1492 4109; x_wconf 86' lang='lat' dir='ltr'><strong>extremum</strong></span> <span class='ocrx_word' id='word_1_255' title='bbox 1546 4055 1714 4106; x_wconf 85' lang='lat' dir='ltr'><strong>rex:</strong></span> <span class='ocrx_word' id='word_1_256' title='bbox 1800 4054 2030 4105; x_wconf 89' lang='lat' dir='ltr'><strong>meum</strong></span> <span class='ocrx_word' id='word_1_257' title='bbox 2094 4035 2312 4123; x_wconf 86' lang='lat' dir='ltr'><strong>igitur</strong></span> 
     </span>
    </p>
   </div>
   <div class='ocr_carea' id='block_1_5' title="bbox 306 4131 2309 4317">
    <p class='ocr_par' dir='ltr' id='par_1_5' title="bbox 306 4131 2309 4317">
     <span class='ocr_line' id='line_1_38' title="bbox 306 4131 2309 4303; baseline -0.003 -95"><span class='ocrx_word' id='word_1_258' title='bbox 306 4137 683 4213; x_wconf 86' lang='lat' dir='ltr'><strong>consilium</strong></span> <span class='ocrx_word' id='word_1_259' title='bbox 738 4146 874 4229; x_wconf 88' lang='lat' dir='ltr'><strong>est,</strong></span> <span class='ocrx_word' id='word_1_260' title='bbox 924 4147 1001 4209; x_wconf 89' lang='lat' dir='ltr'><strong>ut</strong></span> <span class='ocrx_word' id='word_1_261' title='bbox 1048 4137 1310 4211; x_wconf 89' lang='lat' dir='ltr'><strong>homini</strong></span> <span class='ocrx_word' id='word_1_262' title='bbox 1364 4133 1612 4208; x_wconf 83' lang='lat' dir='ltr'><strong>humili</strong></span> <span class='ocrx_word' id='word_1_263' title='bbox 1662 4143 1928 4303; x_wconf 45' lang='lat' dir='ltr'><strong>stalgulra</strong></span> <span class='ocrx_word' id='word_1_264' title='bbox 1955 4131 2309 4226; x_wconf 85' lang='lat' dir='ltr'><strong>rubraque</strong></span> 
     </span>
     <span class='ocr_line' id='line_1_39' title="bbox 404 4261 650 4317; baseline 0.004 -1"><span class='ocrx_word' id='word_1_265' title='bbox 404 4261 525 4316; x_wconf 75' lang='lat' dir='ltr'><strong>vol.</strong></span> <span class='ocrx_word' id='word_1_266' title='bbox 559 4261 650 4317; x_wconf 88' lang='lat' dir='ltr'><strong>x1.</strong></span> 
     </span>
    </p>
   </div>
  </div>
 </body>
</html>
