2950 4684
513 324 533 333 --
549 283 733 374 m
1082 309 1449 358 uternam
1504 308 2022 358 auur-mamm.
2361 306 2435 369 c.
2463 302 2576 370 42.

559 497 749 566 iuer
784 511 1017 584 regna
1063 490 1261 578 fieri,
1325 498 1401 566 ut
1447 493 1681 568 neutri
1737 489 2012 564 alteros
2063 486 2262 562 bello
2315 511 2570 582 perse·

561 602 972 690 querentur.
1066 590 1202 663 His
1251 594 1648 685 propositis
1694 589 1915 683 legati
1966 590 2055 662 ad
2108 589 2411 661 Veudos
2452 611 2572 661 re·

562 703 961 778 vertuntur,
1010 712 1309 785 quorum
1361 691 1665 766 reditum
1717 712 1877 777 rex,
1929 695 2051 785 qui
2089 711 2318 782 reguo
2350 710 2571 762 exce-

502 835 509 858 ·
562 794 766 879 dere,
816 794 956 864 uisi
1004 791 1258 864 sedato
1309 789 1454 863 hoc
1506 790 1741 876 bello,
1791 790 2055 877 nollet,
2106 801 2384 884 septem
2442 812 2571 862 no-

561 905 722 968 ctes
775 901 1353 984 exspectaturum
1404 891 1842 984 significavit.
1941 889 2230 961 Transit
2254 889 2413 962 haec
2440 889 2571 961 hc·

559 993 902 1078 bdomaS,
955 991 1217 1083 legatis
1266 1013 1408 1063 nou
1458 991 1946 1073 redeuntibus.
2048 990 2334 1063 Interea
2360 991 2575 1076 Dani,

560 1099 683 1191 qui
738 1093 834 1168 ad
898 1095 1291 1166 exercitum
1357 1092 1816 1166 collectitium
1887 1090 2291 1177 haerebant,
2371 1093 2575 1183 regis

558 1195 1425 1286 adveutumcxspe'ctare
1475 1195 1807 1287 pertaesi,
1853 1214 2142 1283 ,magno
2207 1191 2345 1264 sibi
2397 1210 2574 1262 esse

556 1292 1569 1379 inconmodoexistimarunt,
1622 1293 1878 1368 eodem
1934 1291 2100 1366 loco
2133 1291 2398 1366 frustra
2425 1289 2574 1364 bae·

559 1415 751 1470 rcre.
870 1391 1031 1483 Qua
1100 1393 1193 1464 de
1243 1415 1332 1465 re
1397 1413 1561 1465 cum
1621 1397 1978 1487 principes
2050 1392 2171 1464 diu
2233 1391 2575 1466 collocuti

560 1502 836 1579 essent,
890 1497 1221 1564 convenit
1272 1497 1458 1564 inter
1511 1516 1667 1580 eoS‚
1718 1505 1794 1564 ut
1845 1493 2128 1585 legatos
2178 1493 2271 1562 ad
2321 1513 2574 1584 regem

562 1597 957 1678 mitterent,
1033 1596 1151 1665 cui
1216 1592 1557 1685 legationi
1638 1592 1946 1674 Olavum
2005 1592 2293 1665 fratrem
2375 1595 2577 1683 regis

560 1692 1065 1790 praefecerunt.
1191 1691 1361 1780 lile,
1414 1695 1505 1790 ad
1556 1694 2092 1787 suscipiendam
2142 1693 2577 1786 legationem

556 1797 847 1878 invitus,
899 1802 1146 1885 putare
1197 1814 1284 1864 se
1337 1794 1535 1880 dixit,
1583 1792 1779 1865 velle
1834 1815 2083 1886 regem
2132 1797 2423 1887 proprio
2458 1815 2571 1864 ar-

552 1895 773 1972 bitrio
828 1896 1077 1965 itinera
1130 1915 1283 1980 sua,
1341 1895 1674 1987 quicquid
1725 1894 1914 1965 Daui
1943 1894 2577 1980 obmiti-mutarent,

558 1999 967 2074 instituere:
1019 1996 1294 2087 opinor,
1343 1998 1589 2089 inquit,
1626 2015 1875 2086 regem
1907 1998 2088 2068 meis
2110 1994 2354 2071 verbis
2383 1993 2571 2072 baud

554 2095 844 2170 multum
897 2094 1338 2180 tributurum,
1390 2098 1513 2189 qui
1563 2099 1846 2168 monitis
1896 2116 1984 2167 se
2016 2117 2256 2188 parum
2285 2094 2567 2168 facilem

516 2195 926 2292 ,praehet-e,
976 2195 1307 2289 quicquid
1360 2199 1428 2268 ei
1482 2200 1924 2289 propositum
1976 2194 2232 2280 suerit,
2283 2217 2567 2290 suoque

549 2297 822 2391 judicio
875 2296 977 2365 uti
1032 2293 1450 2389 plerumque
1499 2294 1761 2381 soleat,
1801 2317 1946 2377 ‚vos
1997 2317 2176 2368 vero
2216 2291 2399 2368 Daui
2428 2317 2567 2367 sae-

553 2400 718 2492 pius
762 2393 1139 2479 vacillatis,
1188 2415 1427 2488 neque
1472 2394 1851 2474 admodum
1876 2395 2135 2468 fideles
2165 2399 2361 2468 estis.
2411 2396 2571 2468 Etsi

554 2506 793 2572 autem
843 2492 1121 2567 olavus
1148 2496 1287 2568 ista
1325 2495 1775 2589 loquebatur,
1826 2506 2083 2583 tamen,
2135 2506 2372 2568 motus
2403 2517 2569 2591 pre-

556 2596 760 2671 cssms
809 2599 1230 2681 amicorum,
1281 2617 1369 2672 se
1421 2598 1679 2670 iturum
1732 2595 2086 2689 pollicitus
2138 2606 2273 2682 est‚
2291 2606 2392 2667 -et
2440 2595 2568 2667 ali·

559 2706 737 2795 quot
783 2700 953 2769 viris
1005 2700 1381 2770 comitatus
1433 2718 1684 2790 regem
1734 2696 1921 2768 adiit.
2048 2697 2211 2780 Res
2261 2696 2573 2784 KnutuS,

559 2796 772 2872 simul
808 2806 907 2896 ut
952 2797 1241 2870 fratrem
1293 2795 1602 2870 Olavum
1654 2801 2109 2891 conspicatus
2164 2806 2277 2869 est
2284 2847 2315 2883 ,
2389 2818 2573 2869 suos

560 2898 952 2970 allocutus:
1003 2897 1589 2992 comprehendite
1633 2897 1963 2984 Olavum,
2012 2900 2253 2992 inquit,
2308 2897 2571 2989 pedes-

560 3018 704 3094 que
756 3001 918 3087 ejus
970 2997 1438 3090 compedibus
1489 3001 1790 3087 vincite,
1839 3009 2054 3093 atque
2106 3019 2197 3068 ne
2252 2995 2575 3072 elabatur

560 3097 949 3184 custodite3
1025 3095 1293 3172 nullum
1364 3100 1550 3176 enim
1617 3098 1807 3190 quod
1879 3096 2212 3193 loquetur
2270 3097 2569 3182 verbum

557 3195 811 3270 audire
859 3195 1052 3267 volo.
1176 3196 1364 3268 Mira
1406 3217 1539 3266 res
1589 3199 1779 3281 visa,
1860 3220 1992 3269 cur
2056 3198 2214 3268 fieri
2265 3201 2369 3283 ‘ita
2432 3219 2569 3282 rex

546 3295 863 3391 Juberet.
962 3294 1262 3370 Tantum
1313 3318 1494 3369 vero
1548 3296 1872 3370 omnibus
1913 3309 2173 3374 metum
2200 3297 2424 3382 verba
2451 3318 2569 3370 re-

559 3399 676 3491 gis
724 3399 1218 3483 incusserunt,
1283 3406 1364 3468 ut
1411 3418 1624 3483 nemo
1665 3400 1870 3489 jussa
1922 3403 2083 3493 ejus
2132 3421 2273 3486 nou
2323 3398 2573 3472 facere

558 3496 879 3576 auderet.
979 3496 1297 3570 Postero
1362 3498 1481 3568 die
1530 3520 1666 3569 rex
1715 3497 2003 3572 Knutus
2052 3503 2249 3572 viros
2301 3499 2569 3572 condu-

558 3599 689 3681 cit,
768 3599 887 3691 qui
951 3596 1257 3671 Olavum
1308 3599 1754 3672 occidentem
1808 3621 2072 3673 versus
2123 3602 2193 3669 in
2242 3597 2570 3671 Flaemin·

559 3700 745 3790 giam
796 3697 889 3767 ad
943 3697 1195 3771 ducem
1245 3696 1716 3787 Baldvinium,
1769 3721 2102 3772 socerum
2153 3720 2388 3785 suum,
2443 3700 2570 3782 de-

548 3797 846 3884 ducant,
898 3796 1065 3877 huic
1116 3799 1499 3893 significari
1544 3801 1844 3894 jubens}
1888 3810 1967 3871 ut
2017 3796 2417 3879 Olavumin
2446 3820 2571 3872 cu-

556 3898 795 3976 :todia
844 3902 1170 3987 retineat,
1220 3922 1357 3972 nec
1406 3922 1711 3994 unquam
1763 3920 1949 3985 eum,
2000 3901 2137 3968 nisi
2161 3902 2378 3989 jussu
2405 3917 2571 3985 suo,

564 4016 656 4072 cx
710 3998 1055 4087 vinculiS,
1105 4002 1177 4074 in
1228 4022 1382 4095 quae
1432 4002 1941 4093 conjiceretur,
2016 3995 2205 4080 elabi
2257 3999 2571 4092 patiatur.

561 4093 698 4199 Hic
745 4098 943 4176 multi
990 4100 1562 4196 interpellantes:
1614 4098 1771 4174 baec
1821 4101 2218 4188 sententia,
2285 4099 2570 4187 domine
