2950 4684
629 313 794 405 1OE
1156 345 1519 394 msromn
1573 345 2089 393 xum-manum.
2293 345 2363 407 c,
2409 337 2618 411 1521&

620 526 794 597 Inde
853 527 1142 600 Eirikus
1210 529 1508 622 dynasta
1576 531 1808 598 victor
1875 528 2228 600 discessit.
2342 527 2626 600 Praeter

620 625 777 699 baec
826 624 1161 699 Thordus
1210 627 1590 707 Kolbeinis
1637 626 1824 700 {ilius
1886 631 1956 698 in
2025 632 2347 700 encomio
2398 629 2621 699 Eiriki

619 726 821 820 plura
872 739 1372 800 commemorat
1426 726 1519 799 de
1570 729 1792 799 rebus
1843 728 2039 799 bello
2093 728 2179 798 ab
2237 751 2329 801 eo
2360 732 2623 822 gestis:

823 827 1216 900 Corvorum
1272 839 1753 914 saturatores‚
1806 850 2099 923 quorum

822 930 889 997 in
940 938 1132 998 terra
1184 934 1641 1001 commoratio
1691 928 1912 1021 longo
1963 939 2288 1021 tempore

817 1027 1077 1120 Anglis
1133 1029 1427 1100 molesta
1488 1039 1675 1115 erat,
1748 1051 1789 1100 e
1845 1028 2213 1101 celocibus

779 1131 887 1213 *in
941 1130 1454 1200 mediterranea
1509 1132 1791 1221 egressi
1844 1138 2027 1199 sunt.

770 1221 773 1226 ’
817 1226 1083 1298 Incolae
1132 1250 1345 1315 vero,
1413 1230 1667 1326 quibus
1717 1233 1910 1299 cn'rae
1965 1238 2170 1300 esset

817 1328 1083 1421 praedia
1134 1350 1267 1399 sua
1320 1332 1541 1414 tueri,
1606 1333 1947 1400 instructa
1997 1351 2205 1399 manu

817 1426 1093 1499 obviam
1146 1432 1286 1500 iter
1335 1429 1682 1501 fecerunt.
1785 1428 2070 1500 Galeati
2123 1426 2377 1498 milites

816 1531 1120 1600 sonitum
1176 1528 1571 1621 gladiorum
1628 1528 2077 1601 excitaruntl.

1032 1628 1215 1702 Pax
1263 1632 1460 1701 inter
1508 1651 1725 1725 reyes
1785 1632 2202 1724 composita.

817 1727 932 1798 16.
1010 1728 1291 1800 Interea
1328 1752 1459 1801 rex
1490 1728 1772 1801 Knutus
1796 1726 2189 1800 Londinum
2223 1725 2620 1809 obsidebat,

612 1849 745 1897 rex
763 1827 1185 1901 Jatmundus
1214 1853 1297 1901 ac
1325 1831 1588 1900 fratres
1610 1829 1855 1901 urbem
1887 1829 2385 1900 defendebant.
2436 1821 2620 1894 Tan-

612 1929 798 2016 dem,
852 1951 1007 2000 cum
1060 1951 1190 2000 rex
1242 1930 1526 2002 Knutus
1577 1929 1889 2001 Emmam
1946 1933 2280 2023 reginam,
2331 1935 2621 1997 matrem

612 2049 885 2116 eorum,
932 2031 1003 2100 in
1057 2035 1493 2103 matrimonio
1534 2030 1856 2117 haberet,
1908 2033 2356 2101 internuntiis
2406 2031 2621 2096 inter-

609 2129 1030 2203 cedentibus
1111 2132 1368 2204 factum
1460 2140 1610 2217 est,
1695 2141 1773 2201 ut
1838 2131 2206 2202 obsidibus
2269 2134 2455 2200 inter
2535 2145 2620 2196 se

614 2231 795 2300 datis
848 2231 1149 2301 induciae
1201 2232 1487 2317 fierent,
1551 2241 1629 2302 nt
1680 2231 2080 2324 conloquiis
2136 2231 2467 2302 institutis
2524 2226 2616 2295 de

607 2329 920 2400 firmiore
986 2352 1165 2422 pace
1228 2335 1341 2424 agi
1394 2341 1665 2424 posset.
1769 2330 2052 2421 Quibus
2105 2328 2618 2423 congressibus

607 2450 746 2523 pax
808 2435 995 2500 inter
1062 2451 1196 2501 eos
1249 2434 1585 2501 convenit
1638 2450 1722 2501 ea
1776 2429 1985 2522 lege,
2054 2442 2129 2503 ut
2191 2452 2486 2523 regnum
2545 2429 2612 2495 in

610 2532 788 2602 duas
841 2540 1081 2623 parter
1129 2534 1315 2603 inter
1367 2541 1741 2625 utrumque
1796 2532 2275 2619 divideretur,
2328 2548 2616 2626 quarum

605 2631 869 2723 singuli
921 2630 1311 2724 singulam,
1362 2633 1593 2726 quoad
1652 2634 1999 2719 viverent,
2050 2632 2433 2717 baberent3
2503 2632 2611 2700 sin

606 2752 784 2804 vero
852 2730 1196 2804 alteruter
1261 2736 1418 2805 sine
1487 2732 1694 2826 prole
1767 2734 2250 2818 decessisset,
2320 2735 2424 2817 is»,
2493 2733 2613 2824 qui

605 2836 1141 2925 superviveret,
1205 2845 1423 2906 totum
1475 2854 1773 2926 regnum
1826 2832 2041 2926 pleno
2085 2838 2249 2926 jure
2302 2854 2458 2902 suae
2514 2832 2615 2900 di-

606 2934 819 3003 tionis
885 2932 1175 3004 faceret.
1280 2933 1466 3025 Quae
1535 2956 1672 3027 pax
1729 2937 2144 3026 juramentis
2212 2931 2613 3005 confirmata

605 3040 737 3100 est.
838 3031 1246 3104 Heidrekus
1275 3033 1563 3105 Striona
1614 3055 1871 3105 nomen
1926 3045 2080 3106 erat
2130 3038 2285 3107 viro
2341 3054 2611 3124 magnae

602 3132 1249 3225 auctoritatisrqui
1303 3153 1343 3201 a
1394 3154 1574 3225 rege
1629 3133 1870 3204 Knnto
1922 3138 2260 3229 pecunias
2312 3135 2609 3225 accepit,

602 3239 680 3301 ut
728 3250 975 3322 regem
1002 3230 1453 3303 Jatmundum
1491 3232 1659 3303 dolo
1712 3237 2255 3306 circumveniret
2309 3244 2381 3304 et
2419 3233 2607 3303 clan-

604 3330 877 3402 destina
931 3332 1134 3402 caede
1190 3343 1498 3404 necaret.
1600 3332 1725 3404 Sic
1763 3355 1892 3404 rex
1922 3335 2346 3407 Jatmundus
2396 3355 2606 3403 neca-

602 3441 717 3503 tus
770 3442 887 3503 est
937 3432 1023 3504 ab
1077 3432 1465 3520 Heidreke‚
1520 3437 1861 3506 nutritore
1913 3457 2072 3522 suo,
2125 3439 2237 3507 cui
2291 3457 2428 3505 non
2483 3435 2606 3502 mi·

601 3551 888 3616 norem,
955 3556 1158 3627 quam
1223 3534 1353 3606 sibi
1405 3536 1604 3630 ipse,
1670 3534 1880 3606 fidem
1934 3535 2322 3608 habuisset.
2423 3531 2610 3604 Post

599 3629 757 3700 haec
808 3652 942 3701 rex
991 3632 1275 3714 Knutus
1328 3656 1579 3706 omnes
1629 3635 1817 3726 filios
1871 3634 2070 3730 regis
2119 3635 2462 3707 Adalradi
2516 3653 2607 3703 ex

669 3789 716 3859 ¹)
756 3790 1113 3845 constructio:
1194 3790 1832 3866 dr-hrafn-gesendr,
1907 3795 2031 3864 ῥεῖν
2086 3811 2148 3846 er
2210 3795 2391 3862 hingo
2437 3792 2609 3842 stand

595 3884 733 3935 mira
758 3882 921 3936 leivir
946 3883 1190 3955 Englum
1226 3889 1262 3939 ά
1300 3888 1474 3952 laudi,
1510 3905 1710 3958 gengu
1746 3903 1855 3954 app
1895 3887 2089 3956 grand
2102 3886 2162 3953 a)
2200 3887 2300 3944 frti
2335 3883 2604 3936 skeidum·

602 3976 689 4026 En
739 3976 942 4043 homst,
993 3978 1117 4047 ῥεῖν
1162 3996 1222 4032 er
1268 3982 1427 4050 gxiv-u
1471 3982 1626 4044 verja
1673 3979 1789 4040 ῠσί,
1842 3980 2045 4048 ςῇὅνὸει
2094 3978 2332 4045 lter-serv·
2373 3975 2397 4025 ί
2427 3988 2605 4045 gegn-

594 4068 847 4133 hdemad·
880 4070 953 4121 11⁹⁶
986 4072 1118 4140 galt
1154 4072 1350 4142 glanm
1385 4072 1570 4139 lajano
1607 4072 1775 4129 cleers.
1828 4072 1960 4126 vide
1999 4093 2152 4143 supra
2193 4089 2299 4141 cap.
2336 4059 2513 4123 &suu
2550 4067 2605 4122 6.

666 4160 728 4226 (Ι)
765 4163 837 4215 sic
872 4184 1022 4232 supra
1061 4166 1093 4216 l.
1135 4179 1211 4225 ας
1249 4175 1376 4233 app,
1414 4169 1477 4215 A.
2293 4171 2298 4177 ’
