2950 4684
632 326 810 418 m
1108 352 1206 402 nn
1260 349 1631 400 anunm
1680 348 2113 398 ausencius.

636 555 724 610 se
774 541 1044 630 patrata
1073 531 1466 607 mendaciis
1504 541 1581 603 et
1621 532 1953 626 perjuriis
1981 531 2426 608 defenderet.
2480 537 2648 631 Qui,

634 647 851 709 noctu
901 635 1350 728 interdiuque
1401 636 1474 703 in
1526 631 1831 706 vinculis
1883 635 2198 720 sedem,
2273 660 2485 731 quum
2540 640 2647 711 fa-

633 756 814 812 mam
881 737 1287 828 accepisset
1352 732 1445 803 de
1510 731 1733 804 rebus
1797 736 1982 804 iuter
2030 734 2642 833 archiepiscopum

636 849 714 912 et
745 835 1075 910 colonum
1095 833 1736 919 intercedentibus,
1789 834 2191 929 desperatis
2208 837 2430 911 rebus
2462 846 2643 929 suis,

631 939 707 1012 id
759 934 1135 1010 consilium
1186 933 1620 1006 machinatus
1673 945 1821 1020 est,
1899 945 1980 1007 ut
2026 935 2286 1008 fatuum
2337 939 2639 1034 aliquem

631 1037 1103 1121 subornaret,
1152 1038 1273 1130 qui
1321 1032 1723 1127 toparchae,
1794 1057 1835 1105 a
1886 1058 2031 1129 quo
2080 1047 2332 1129 captus
2381 1039 2641 1130 fuerat,

634 1139 822 1211 diem
869 1156 1009 1208 suo
1060 1138 1345 1208 nomine
1399 1134 1710 1222 diceret3
1763 1157 1923 1229 quae
1978 1141 2262 1209 vocatio
2312 1160 2470 1210 cum
2514 1164 2637 1214 su-

631 1239 899 1335 periori
950 1234 1071 1307 illa
1121 1233 1543 1328 aliquantam
1594 1234 2117 1308 similitudinem
2181 1236 2463 1327 habuit,
2544 1264 2639 1314 eo
2678 1252 2695 1267 ⁸

628 1352 864 1413 tamen
915 1333 1520 1430 discriminc,‘[ut
1567 1344 1848 1428 peterat
1899 1338 2376 1430 exspectari¹‚
2442 1344 2635 1436 quod

628 1439 756 1512 hic·
792 1442 866 1509 iu
907 1438 1243 1531 judicium
1296 1439 1633 1530 principis
1683 1435 2108 1525 inferorum,
2179 1442 2298 1532 qui
2360 1440 2457 1511 de
2508 1464 2638 1513 ne-

626 1543 818 1612 mine
865 1559 1071 1631 aequa
1122 1535 1289 1608 facit
1326 1536 1627 1628 judicia,
1704 1539 2003 1608 vocavit.
2126 1536 2417 1611 Factum
2484 1552 2635 1613 tan-

630 1641 790 1711 dem
845 1647 961 1709 est
1011 1638 1265 1707 astutia
1325 1636 1540 1727 hujus
1604 1637 2066 1727 perditissimi
2136 1639 2476 1727 hominis,
2556 1653 2638 1715 ut

616 1733 889 1834 judex²
956 1735 1339 1826 legitimam
1411 1756 1681 1830 poenam
1750 1736 1840 1805 ab
1910 1758 2001 1807 eo
2074 1750 2422 1831 expetere
2496 1765 2632 1814 non

626 1860 871 1925 ausae,
920 1834 1397 1908 turbulentum
1451 1838 1660 1906 istum
1715 1834 2068 1908 hominem
2123 1838 2308 1910 elabi
2363 1851 2437 1912 et
2490 1865 2632 1938 quo

624 1939 853 2013 vellet
903 1940 1012 2009 ire
1065 1946 1450 2030 pateretur.
1553 1936 1669 2007 Ex
1721 1940 2387 2031 priori-argumento
2419 1943 2630 2015 facile

623 2040 924 2133 intelligi
975 2047 1240 2132 potest,
1290 2039 1527 2131 quanti
1584 2036 1919 2108 ecclesiae
1951 2042 2278 2131 praesidis
2327 2045 2630 2130 intersit,

625 2161 925 2225 cavere,
1004 2158 1098 2210 ne
1149 2159 1236 2208 se
1289 2137 1759 2231 templanum,
1841 2142 1955 2209 cui
2005 2143 2280 2232 praesit,
2332 2148 2629 2236 pecunia

623 2239 808 2313 male
860 2247 1054 2333 parta
1084 2238 1293 2327 ditet3
1348 2247 1626 2309 constat
1656 2240 1864 2324 enim,
1915 2236 2294 2311 Dominum
2332 2263 2418 2313 ea
2455 2265 2627 2314 esse

621 2342 1053 2433 integritate,
1102 2345 1202 2423 ut,
1255 2337 1443 2430 quod
1500 2336 1816 2429 legitime
1867 2360 2009 2410 non
2039 2342 2134 2413 sit
2162 2342 2625 2431 conciliatum,

619 2443 953 2534 accipere
1005 2435 1200 2508 nolit.
1300 2435 1554 2507 Amen.

689 2592 738 2661 ¹)
775 2587 946 2644 omfftt.
983 2586 1048 2641 Β.
1154 2584 1209 2654 ¹)
1250 2586 1537 2659 prefectus,
1584 2583 1646 2642 Β.

2870 2204 2903 2477 ³⁴
