2950 4684
571 288 750 378 ῃ
1093 314 1458 362 ηιετοιιιιι
1512 312 2030 360 xnurrnnnun.
2382 309 2454 371 c.
2479 308 2587 372 68,

574 518 664 570 se
717 497 916 585 dixit,
967 497 1226 592 quibus
1277 497 1601 568 custodia
1649 497 2027 567 commissa
2078 496 2374 579 suisset,
2423 515 2586 586 par·

577 607 694 671 tes
741 620 914 670 snas
962 597 1444 691 perfunctorie
1497 597 1898 689 peregisse.
2002 595 2264 681 Svein,
2316 595 2454 665 hos
2513 597 2586 663 in

576 698 786 792 culpa
851 719 994 769 non
1069 719 1240 769 esse
1308 706 1648 769 testatus:
1730 718 1865 767 rex
1929 694 2253 781 KnntuS,
2340 697 2585 788 inquit,

574 800 1017 892 praecedenti
1069 807 1280 870 nocte
1314 797 1627 881 advenit,
1680 806 1754 867 et
1776 795 2078 883 vincula,
2130 796 2390 890 quibus
2417 796 2585 864 nexi

576 920 884 987 eramus,
934 898 1255 971 manibus
1302 896 1708 991 torquendo
1777 897 2051 989 dirupit.
2156 894 2341 987 Quae
2410 916 2585 967 vera

578 1019 776 1086 esse,
822 1003 1034 1093 signo
1086 1008 1252 1070 sunt
1300 999 1694 1089 fragmenta
1747 1008 2150 1068 catenarum
2191 1001 2584 1067 incarcere

575 1099 846 1172 relicta.
946 1098 1193 1184 Duce,
1280 1097 1484 1191 quid!
1554 1099 1906 1186 dicerent,
1983 1119 2070 1168 se
2138 1099 2421 1169 nescire
2486 1098 2583 1167 si·

575 1198 928 1285 mulante,
977 1197 1161 1269 Edla
1212 1201 1495 1290 regina:
1546 1198 1733 1270 baud
1790 1197 2070 1284 dubito,
2129 1200 2368 1291 inquit,
2420 1200 2583 1291 quin

577 1301 693 1370 eis
743 1319 877 1393 per
924 1298 1185 1371 festum
1225 1298 1691 1385 incolumitaS,
1746 1296 2093 1384 domine2,
2125 1298 2585 1384 concedatur,

574 1400 919 1493 quidquid
967 1402 1039 1471 in
1094 1421 1231 1470 eos
1281 1403 1352 1469 in
1402 1409 1769 1492 posterum
1837 1398 2286 1487 consulatum
2366 1397 2583 1470 velim

576 1499 962 1592 exploreS,
1032 1521 1299 1572 verane
1350 1503 1530 1586 sint,
1599 1522 1759 1594 quae
1813 1501 2069 1586 dicant,
2119 1521 2276 1569 nam
2331 1520 2586 1591 magno

575 1599 787 1670 nobis
837 1600 1102 1691 gaudio
1154 1600 1382 1685 foret,
1435 1603 1500 1670 si
1549 1621 1726 1671 vera
1780 1611 2070 1688 essent,
2120 1620 2357 1693 neque
2402 1620 2586 1671 vero

574 1696 735 1772 baec
786 1720 908 1771 res
959 1710 1205 1772 contra
1272 1702 1676 1792 opinionem
1743 1722 1969 1772 meam
2037 1701 2332 1788 accidit,
2417 1702 2585 1772 novi

578 1802 765 1871 enim
816 1799 1032 1872 multa
1082 1805 1284 1893 regis
1333 1799 1554 1872 Knuti
1581 1804 1893 1875 instituta
1943 1824 1987 1873 a
2010 1810 2412 1874 ceterorum
2453 1800 2583 1872 bo·

575 1903 833 1972 minum
886 1902 1203 1973 moribus
1257 1901 1712 1972 discessisse.
1809 1902 2023 1974 Duce
2074 1922 2226 1972 rem
2282 1906 2440 1995 ejus
2471 1922 2582 1972 ar·

573 1999 785 2073 bitrio
837 2004 1327 2097 permittente,
1390 2002 1809 2073 commodus
1863 2007 2013 2090 eis,
2081 2002 2202 2074 nbi
2255 2006 2584 2097 quiesce-

576 2110 761 2188 ren't,
812 2103 1021 2175 locus
1071 2112 1379 2195 paratus,
1431 2105 1710 2196 ipsique
1762 2103 2087 2176 omnibus
2136 2103 2397 2190 rebuS,
2449 2124 2587 2198 qna

576 2201 731 2272 fieri
752 2207 976 2296 potuit
1004 2203 1387 2295 diligentia,
1412 2207 1655 2275 curati.
1734 2203 2351 2275 Adolescentulns
2379 2202 2583 2290 Karl,

575 2303 776 2393 regis
835 2301 1055 2374 Knuti
1121 2311 1194 2373 et
1243 2301 1450 2373 Edlae
1502 2302 1726 2390 filius,
1804 2305 1894 2374 ad
1946 2303 2243 2391 lectum,
2317 2308 2388 2375 in
2438 2326 2583 2399 quo

575 2400 1081 2494 quiescebant,
1148 2401 1336 2473 forte
1388 2402 1787 2489 accedens,
1853 2404 2247 2498 cingulum,
2299 2428 2441 2500 quo
2494 2426 2583 2477 se

576 2498 805 2573 Svein
829 2501 1286 2595 Thorgunnoe
1313 2502 1501 2574 filius
1535 2503 1993 2593 discinxerat,
2028 2508 2362 2601 quodque
2382 2509 2583 2600 juxta

573 2621 663 2674 se
712 2603 784 2672 in
810 2601 1166 2696 pulvinum
1195 2607 1630 2697 conjecerat,
1684 2630 1894 2701 quum
1930 2605 2375 2701 splendidum
2411 2628 2583 2679 esse

576 2702 883 2791 videret,
933 2703 1241 2792 sustulit,
1270 2726 1506 2799 eoque
1539 2704 1794 2778 ludere
1825 2711 2056 2802 coepit.
2159 2707 2293 2779 Cui
2323 2706 2581 2779 Svein:

575 2824 720 2897 quo
758 2806 970 2876 modo
1001 2805 1122 2877 tibi
1154 2806 1410 2900 placet,
1438 2805 1641 2893 Karl,
1678 2808 2026 2880 cimelium
2057 2807 2343 2880 hoece?
2393 2806 2581 2879 Lan·

576 2902 792 2974 dante
846 2927 1103 2999 puero:
1157 2910 1221 2978 si
1271 2906 1656 3000 possidere
1707 2908 2065 3001 cingulum
2120 2913 2357 3003 cupis,
2419 2930 2582 3002 per-

574 3005 703 3093 git,
754 3012 829 3074 te
883 3006 1363 3095 dignissimum
1416 3027 1711 3094 censeo,
1764 3012 1883 3104 qui
1926 3030 2017 3080 eo
2044 3013 2365 3104 potiaris,
2413 3008 2584 3080 mihi

578 3104 765 3172 enim
814 3104 888 3174 id
940 3125 1076 3174 rex
1126 3105 1433 3191 KnutuS‚
1487 3118 1690 3199 pater
1738 3118 1927 3197 tuus,
1981 3110 2213 3199 dedit3
2267 3113 2376 3183 sic
2408 3109 2581 3180 alie-

573 3202 807 3273 nando
875 3205 1269 3277 secundum
1338 3218 1699 3301 praecepta
1768 3213 1987 3302 patris
2038 3214 2140 3282 tui
2189 3232 2340 3282 rem
2391 3210 2581 3282 bene

575 3299 822 3375 locare
876 3304 1200 3377 arbitror.
1300 3306 1478 3378 Karl
1530 3310 1904 3382 confestim
1945 3313 2034 3383 ad
2091 3313 2344 3383 ducem
2373 3332 2578 3383 aece-

576 3403 784 3492 dens,
838 3408 909 3477 ei
959 3404 1163 3494 banc,
1215 3430 1377 3501 quae
1430 3408 1570 3480 sibi
1626 3411 1784 3483 data
1835 3422 2059 3499 esset,
2109 3433 2264 3484 rem
2315 3415 2579 3507 pretio·-

552 3524 727 3576 sam
796 3505 1143 3595 ostendit,
1228 3511 1550 3603 patrique
1620 3533 1756 3585 suo
1828 3514 2057 3586 fuisse
2123 3514 2579 3606 significavit:

575 3625 780 3699 qnam
830 3605 925 3677 ob
976 3627 1130 3677 rem
1154 3631 1397 3702 spero,
1450 3623 1781 3705 cognate,
1835 3625 1907 3687 te
1934 3614 2101 3684 mihi
2136 3614 2581 3699 tributurum,

575 3712 655 3776 nt
703 3704 777 3775 hi
825 3704 1152 3780 homines
1201 3708 1437 3803 aliquo
1489 3725 1698 3804 pacto
1749 3719 1822 3785 in
1872 3717 2164 3807 gratiam
2197 3724 2432 3786 tecum
2462 3735 2581 3784 re·

574 3806 936 3899 cipiantur.
1038 3806 1316 3902 Regina
1366 3811 1606 3884 multis
1661 3815 1960 3907 adjectis
2011 3814 2257 3886 verbis
2306 3835 2438 3907 pro
2471 3816 2582 3883 eis

574 3905 1032 3999 deprecante,
1074 3909 1248 3982 Dux
1272 3914 1679 4004 respondit:
1733 3914 1918 3986 baud
1955 3913 2169 3985 facile
2219 3913 2386 3984 mihi
2421 3916 2580 3999 erit,

572 4004 783 4078 vobis
833 4007 1179 4081 ambobus
1213 4013 1601 4099 resistere3
1654 4015 1785 4084 sed
1843 4017 2130 4107 primum
2160 4013 2382 4086 verba
2420 4036 2580 4085 cum

641 4137 691 4203 ¹)
724 4142 850 4209 veri,
886 4143 1017 4196 edd.
1060 4142 1125 4198 F.
1228 4145 1279 4212 ⁸)
1302 4148 1566 4216 quiesque,
1592 4146 1719 4201 add.
1758 4147 1824 4199 F.
