2950 4684
590 10 643 39 l

575 278 755 369 m
1108 309 1477 358 ιιιπιιιιιιι
1530 308 2053 360 innormatum.
2189 306 2259 370 c,
2297 303 2606 372 112413.

575 490 843 578 fidenS,
920 513 1132 587 quum
1204 491 1628 587 aliquantum
1697 513 1784 562 se
1862 494 2109 563 virium
2190 490 2603 583 collegisse

574 591 1076 679 arbitraretur,
1144 593 1414 664 tardior
1462 592 1596 664 fuit
1644 593 1733 663 ad
1785 602 2210 664 conventum
2265 590 2595 685 pacifica-

574 696 852 780 ton-ium,
902 697 1023 789 qui
1073 693 1449 764 condictus
1490 702 1665 779 erat,
1717 693 2142 778 adeundum,
2197 712 2594 785 pacemque

574 803 783 865 antea
848 792 1284 887 imploratam
1350 803 1568 864 ratam
1637 797 1902 865 invitus
1949 791 2212 863 habuit.
2316 790 2589 862 Verum

577 904 853 980 tamen,
922 892 1475 988 praevalentibus
1525 894 2097 964 adversariorum
2152 891 2412 987 opibus
2464 913 2589 962 eo·

573 1004 801 1081 actm,
854 1015 1101 1066 eorum
1131 993 1474 1066 voluntati
1508 993 1893 1088 parendum
1936 1015 2109 1064 esse
2143 992 2587 1063 animadver-

572 1100 674 1167 tit.
775 1093 1023 1190 Itaque
1075 1097 1530 1166 constitutum
1585 1104 1721 1180 est,
1770 1103 1850 1164 ut
1873 1092 2259 1164 Valdemar
2289 1114 2586 1184 regnum

572 1199 763 1267 inter
813 1216 947 1266 eos
1000 1194 1381 1281 divideret,
1433 1197 1820 1288 divisaeque
1873 1197 2230 1287 optionem
2264 1191 2630 1289 haberet,-

577 1307 654 1367 et
718 1316 898 1389 rege
965 1294 1208 1367 Knuto
1278 1304 1354 1365 et
1413 1316 1595 1388 rege
1663 1293 1932 1366 Sveine
2003 1292 2588 1366 concedentibus.

571 1395 796 1490 Igitur
843 1395 1229 1468 Valdemar
1275 1393 1542 1468 Jotiam
1592 1395 2136 1489 adtinentesque
2188 1395 2588 1489 provincias

575 1501 882 1570 extimas
928 1501 1000 1567 in
1052 1518 1255 1579 uuam
1311 1500 1706 1589 portionem
1760 1499 2113 1583 secrevit3
2166 1494 2375 1566 alteri
2417 1515 2584 1586 por·

572 1601 749 1670 tioni
798 1597 1164 1682 Skaniam,
1215 1595 1689 1681 Hallandiam,
1750 1594 2221 1686 Bleikingiam
2276 1603 2350 1666 et
2398 1591 2584 1665 Bor·

573 1649 1200 1792 gundarholmum’,
1271 1700 1501 1768 tertia·
1551 1696 1996 1782 Selandiam,
2044 1694 2396 1782 Fioniam,
2447 1694 2583 1766 Er·

569 1820 808 1884 roam,
857 1796 1266 1883 Falstriam,
1318 1808 1702 1892 partesque
1758 1818 1847 1867 eo
1904 1800 2343 1891 pertinentes
2392 1797 2584 1866 adsi-

571 1903 845 2022 gnavit3
896 1903 1055 1995 ipse
1107 1898 1244 1970 sibi
1291 1896 1551 1970 Jotiam
1607 1897 1902 1990 delegit,
1952 1919 2084 1968 rex
2139 1895 2364 1969 Svein
2397 1895 2583 1967 Ska-

571 2004 755 2073 niam
834 2002 1379 2095 provinciasque
1465 2000 1698 2070 eidem
1778 1998 2207 2084 adtributaS,
2298 1997 2585 2070 Knutus

570 2099 978 2173 Selandiam
1041 2099 1503 2196 Fioniamque
1572 2100 1887 2172 obtinuit.
2002 2096 2081 2168 In
2149 2121 2287 2192 qua
2349 2109 2582 2170 traus-

569 2207 853 2274 actione
891 2223 1027 2272 rex
1055 2200 1440 2273 Valdemar
1488 2224 1824 2273 summam
1858 2203 1927 2270 in
1955 2221 2204 2292 regem
2230 2199 2575 2272 Sveinem

568 2301 1065 2374 humanitatem
1133 2302 1546 2373 ostendisse
1617 2305 1817 2373 visus
1884 2311 2032 2390 est3
2117 2323 2273 2371 nam
2343 2303 2578 2374 cuncti

572 2401 1002 2492 judicabant,
1069 2423 1318 2492 regem
1370 2400 1711 2474 Sveinem
1781 2423 2079 2494 regnum
2150 2405 2582 2496 patriamque

569 2506 1034 2576 commisisse.
1135 2500 1409 2574 Partito
1465 2524 1692 2596 regno
1743 2524 1876 2573 rex
1905 2502 2289 2574 Valdemar
2325 2515 2400 2576 et
2448 2523 2583 2572 rex

565 2602 851 2676 Koutus
900 2625 1074 2676 suas
1123 2606 1494 2697 portiones
1547 2607 2094 2696 coniunxerunt3
2156 2625 2415 2695 omnes
2456 2624 2581 2673 au-

569 2715 711 2778 tom
775 2726 999 2799 reges
1048 2704 1285 2777 Deum
1355 2715 1790 2800 cunctasque
1873 2713 2158 2776 sanctas
2236 2705 2582 2801 reliquias

558 2809 920 2899 jurarunt,
986 2805 1169 2879 hanc
1218 2816 1434 2878 ratam
1500 2806 1659 2878 fore
1725 2807 2302 2892 transactionem,
2372 2827 2578 2900 quam

567 2911 688 3001 qui
739 2907 1112 2994 violasset,
1156 2894 1342 2978 hunc
1392 2907 1768 2978 interdicto
1799 2928 2024 3001 papae,
2075 2910 2382 2979 omnium
2428 2908 2577 2999 epi-

566 3028 948 3101 scoporum
1005 3018 1078 3077 et
1114 3007 1539 3078 clericorum
1572 3006 1952 3078 obnoxium
1988 3026 2158 3078 esse
2187 3011 2579 3101 jusserunt.

1010 3104 1361 3178 Amicitia
1411 3109 1611 3176 inter
1657 3128 1878 3203 reyes
1923 3108 2132 3178 inita.

769 3204 937 3277 113.
1040 3206 1189 3278 Hac
1257 3211 1445 3278 inter
1507 3227 1728 3299 reges
1795 3210 2311 3303 compositione
2363 3207 2574 3295 faeta,

564 3326 701 3378 rex
751 3304 1035 3380 Knutus
1103 3328 1350 3400 regem
1402 3304 1744 3377 Sveinem
1807 3307 1895 3378 ad
1965 3330 2053 3378 se
2104 3307 2574 3399 Roiskeldam
2642 3382 2647 3385 ,

563 3409 913 3495 invitavit,
963 3429 1165 3502 quam
1219 3409 1692 3480 invitationem
1743 3407 1860 3480 hic
1912 3408 2223 3481 libenter
2270 3411 2575 3503 accepit,

562 3528 959 3601 omnesque
1011 3528 1234 3601 reges
1263 3508 1569 3579 intimam
1622 3512 1809 3581 inter
1858 3531 1943 3582 se
1974 3512 2340 3582 amicitiam
2386 3512 2571 3604 pacti

559 3616 741 3680 sunt.
842 3606 1007 3678 Rex
1035 3607 1422 3682 Valdcmar
1473 3620 1550 3681 et
1597 3632 1734 3681 rex
1770 3610 2078 3697 KoutuS‚
2133 3613 2338 3705 equis
2390 3632 2574 3704 prae-

556 3710 772 3795 vecti,
823 3712 1220 3783 convivium
1273 3713 1435 3803 regi
1458 3710 1707 3783 Sveini
1758 3711 2185 3805 excipiendo
2217 3732 2573 3807 praepara-

556 3818 754 3898 runt3
805 3809 942 3881 sed
993 3814 1392 3886 condictum
1446 3822 1625 3898 erat,
1674 3821 1755 3884 ut
1803 3809 2082 3885 obviam
2134 3815 2291 3906 regi
2320 3811 2574 3884 Sveini

554 3906 996 4003 Ringstados
1064 3918 1494 4008 equitarent,
1579 3932 1738 4007 quo*
1784 3911 1949 3983 leco
2028 3931 2283 3986 omnes
2350 3933 2574 4005 reges

555 4011 1193 4103 congrederentur.
1325 4012 1457 4085 Hic
1543 4032 1723 4105 rege
1803 4010 2235 4085 valdemaro
2320 4033 2573 4106 regem

554 4106 867 4182 Knutum
920 4111 1287 4202 hortante,
1353 4125 1434 4184 ut
1501 4110 1779 4184 obviam
1847 4115 2006 4208 regi
2051 4111 2307 4186 Sveini
2364 4115 2571 4209 equis
