2950 4684
319 363 398 427 c.
422 358 645 427 4647.
868 361 1235 443 tus-renui
1290 361 1808 412 unumunurn.
2164 332 2344 424 m

322 567 543 619 seuro
597 553 735 630 est,
788 542 997 618 vobis
1046 553 1280 616 autem
1335 563 1513 630 rex,
1562 548 1628 616 si
1678 543 1838 616 baee
1887 542 2186 616 consilia
2221 565 2340 616 re·

320 648 614 730 sciscet,
665 663 930 737 graves
981 665 1226 737 poenas
1276 644 1641 736 irrogabit,
1692 666 1888 738 quae,
1938 643 2121 716 saeta
2173 647 2341 716 vitae

322 748 576 838 gratia,
629 746 902 815 meritae
954 744 1562 816 existimabuntur.
1660 742 2094 838 Respondet
2120 742 2345 817 Tolar

322 842 608 939 Verpil:
680 847 1010 918 novimus
1060 842 1527 918 multitudinis
1579 844 1714 917 hae
1769 845 1862 915 de
1913 866 1996 916 re
2048 855 2341 917 senteu-

324 946 529 1031 tiam,
583 942 779 1017 nolle
832 947 1223 1039 quempiam
1275 948 1562 1037 negotia
1615 967 1746 1020 sua
1799 948 1997 1039 regis
2049 944 2342 1017 arbitrio

323 1048 782 1140 permittere,
854 1048 992 1116 etsi
1045 1055 1278 1117 tantos
1330 1048 1630 1139 spiritus
1676 1055 1942 1133 sumat,
1994 1055 2069 1119 ut
2120 1055 2342 1117 totum

326 1144 468 1217 boe
519 1167 816 1239 regnum
869 1144 1148 1218 infestis
1199 1138 1416 1218 armis
1485 1167 1869 1239 peragrare
1921 1150 1990 1217 in
2043 1149 2341 1224 animum

324 1247 626 1321 inducat.
710 1244 980 1318 Celere
1008 1245 1295 1340 aliquod
1324 1246 1697 1319 eonsilium
1725 1248 2137 1342 capiendum
2172 1266 2342 1320 esse

327 1367 741 1433 censemus;
810 1347 1085 1440 placet,
1147 1356 1263 1433 te,
1327 1345 1661 1433 Thorde,
1728 1357 1973 1442 utpote
2029 1356 2342 1419 nostrum

327 1449 958 1540 sapientissimum,
1024 1449 1387 1520 ¹universae
1437 1446 1648 1540 hujus
1701 1448 2162 1520 multitudinis
2214 1447 2342 1517 du·

329 1568 485 1618 cem
519 1568 712 1619 esse.
810 1544 991 1619 Tum
1019 1545 1395 1620 Thordns:
1449 1570 1537 1619 an
1569 1546 1727 1619 baec
1755 1552 2086 1633 omnium,
2137 1556 2344 1641 quot·

329 1657 506 1741 quot
556 1646 701 1719 bue
740 1650 880 1740 jam
936 1659 1465 1736 convenerunt,
1528 1646 1858 1721 voluntas
1912 1660 1987 1721 et
2039 1669 2343 1722 eonsen-

327 1750 443 1820 sio
495 1749 660 1820 est?
712 1747 1085 1820 Affirmant
1134 1770 1408 1835 omnes,
1461 1749 1576 1845 qui
1611 1750 1926 1822 aderant.
2026 1749 2342 1834 Primum

329 1850 636 1920 omnium
692 1869 845 1920 eam
898 1849 1274 1921 ineundam
1327 1853 1674 1921 rationem
1740 1871 2050 1937 censeo,
2101 1852 2347 1943 inquit

328 1927 692 2034 ThorduS,
742 1957 821 2024 ut
872 1952 1268 2021 exercitum
1322 1950 1781 2022 collectitium
1836 1953 2346 2035 contineamuS,

333 2071 475 2120 neu
514 2069 956 2144 quemquam,
1009 2054 1129 2145 qui
1180 2050 1318 2122 buc
1347 2051 1746 2138 advenerit,
1784 2051 2168 2123 discedere
2222 2071 2344 2142 pa-

294 2145 605 2235 tiamur,
658 2150 793 2220 sed
847 2154 1084 2243 potius
1136 2139 1383 2243 plures
1435 2151 1957 2240 adsciscamus3
2030 2153 2195 2222 dein
2252 2149 2342 2221 ad

330 2271 628 2337 amnem,
683 2254 801 2346 qui
853 2252 1330 2324 transeundus
1379 2254 1541 2344 regi
1594 2262 1729 2340 est,
1781 2256 1844 2323 si
1898 2251 2039 2324 huc
2091 2251 2179 2324 ad
2212 2270 2345 2332 nos

332 2303 694 2445 proficis⁹ei
743 2354 1049 2444 cogitat,
1124 2353 1674 2440 contendamuS,
1755 2354 2143 2447 regiosque
2206 2349 2347 2422 hue

333 2455 762 2544 trajecturos
830 2457 1126 2524 transitu
1213 2454 1740 2546 prohibeamus,
1893 2453 2068 2524 lnde
2127 2453 2347 2530 'finitis

334 2554 669 2637 comitiis,
728 2556 1132 2624 universam
1184 2557 1385 2628 istam
1426 2554 1938 2630 multitudinem
1992 2555 2080 2627 ad
2132 2555 2346 2646 traje-

333 2663 521 2724 ctum
576 2656 798 2724 amnis
852 2663 1156 2727 movent.
1257 2653 1393 2726 Hic
1424 2666 1914 2747 cognoscunt,
1964 2656 2131 2726 inde
2156 2651 2345 2730 baud

337 2752 556 2845 longe
607 2752 873 2826 abesse
925 2759 1199 2846 regem,
1248 2756 1559 2848 praedio,
1610 2754 2079 2827 Saevarendio
2133 2756 2347 2837 dicto,

333 2856 473 2926 sito
525 2857 595 2924 in
645 2856 964 2925 interiori
1015 2856 1178 2926 sinu
1225 2851 1536 2941 Limico,
1607 2860 2116 2928 convivantem.
2216 2852 2347 2928 Die

335 2955 577 3025 missis
627 2953 1245 3047 speculatoribus,
1325 2957 1490 3049 quid
1545 2965 1800 3049 ageret
1847 2977 1981 3028 rex
2032 2961 2347 3051 quotque

335 3056 641 3146 stipatus
694 3054 1031 3127 militibus
1086 3065 1312 3142 esset,
1364 3055 1759 3149 explorant.

1008 3154 1131 3227 De
1179 3178 1356 3252 φερε
1406 3155 1678 3230 Knuto.

536 3252 691 3325 421
801 3253 963 3325 Rex
1013 3253 1332 3343 Knutus,
1385 3267 1461 3329 ut
1514 3269 1678 3331 ante
1732 3257 2016 3343 dictum,
2064 3256 2348 3332 Saevar

339 3352 530 3424 endii
581 3356 1011 3443 convivans,
1063 3354 1206 3450 leg
1207 3367 1348 3429 itus
1398 3358 1489 3428 ad
1543 3355 2139 3448 Vendilskagios2
2200 3361 2352 3430 mit-.-

337 3460 532 3540 tere,
614 3457 868 3548 eisque
922 3455 1206 3528 multam
1260 3461 1630 3550 imponere
1696 3457 2155 3543 decreverat3
2235 3460 2350 3528 eui

338 3551 680 3644 legationi
735 3554 1021 3640 fratres,
1100 3555 1442 3628 Sveinem
1499 3567 1574 3629 et
1622 3555 2043 3642 Astradum,
2087 3554 2349 3630 -Tbors

338 3673 598 3743 gunnae
662 3653 852 3726 filios
919 3655 1259 3748 praefecit.
1380 3654 1525 3747 Qui
1576 3658 1949 3749 sexaginta
2002 3659 2180 3729 viris
2230 3678 2352 3727 ene

338 3754 605 3839 mitati,
678 3754 876 3826 nullo
932 3756 1025 3826 de
1077 3760 1461 3830 contractis
1511 3780 1553 3830 a
1603 3754 1901 3828 Tbordo
1952 3780 2039 3828 ac
2086 3753 2353 3830 Tolare

340 3855 572 3946 copiis
622 3857 867 3927 nuntio
917 3865 1242 3950 accepto,
1294 3858 1403 3926 ire
1451 3865 1949 3951 perrexerunt,
2002 3855 2355 3928 donecdad

337 3973 693 4045 maguum,
738 3957 1111 4048 quemdam
1176 3977 1448 4032 aninem
1517 3966 1886 4029 venerunt.
2018 3956 2192 4027 Erat
2269 3953 2372 4028 ab'

408 4104 457 4174 ¹)
483 4107 599 4164 Hoc
635 4111 754 4165 loco
792 4110 971 4182 incipit
1004 4111 1148 4183 prius
1183 4111 1368 4166 sotium
1416 4111 1717 4186 Fragmenti
1769 4109 1834 4161 G.
1961 4107 2012 4172 ²)
2057 4106 2361 4161 venditrix·-

336 4198 466 4271 gios,
507 4198 576 4254 Θ.
923 4205 931 4220 ·
1050 4219 1055 4224 ·
1096 4209 1103 4218 ·
1396 4231 1404 4239 .
1962 4222 2001 4232 ..
