2950 4684
571 289 691 375 „
1084 314 1181 359 nv
1220 312 1550 360 ‘trunam
1586 299 2066 358 manuninum
2255 307 2329 369 c,
2355 305 2580 372 3940,

580 509 695 571 est
747 518 923 570 vero
973 495 1230 583 simile,
1280 495 1563 589 quando
1617 497 1778 587 ejus
1829 494 2294 587 patrocinium
2338 512 2594 564 snsce-

575 603 760 694 pisti.
860 597 1181 668 Eirikus:
1236 595 1376 667 hoc
1426 594 1872 689 aliquatenus
1923 614 2042 664 me
2090 596 2286 664 scire
2313 594 2596 686 opinor,

575 702 822 793 inquit,
872 719 1015 770 non
1065 699 1297 770 minus
1346 718 1550 791 qnam
1602 705 1699 781 tu,
1763 704 1991 787 pater,
2055 715 2150 764 ex
2204 702 2320 765 tua
2373 696 2595 786 opini-

581 821 760 888 one3
815 802 1090 893 opinor,
1141 799 1409 868 adesse
1462 796 1914 888 Ogmundum
1961 793 2268 880 Album,
2335 792 2598 886 pracfe-

583 911 773 972 ctum
800 910 1018 984 tuum,
1048 901 1169 992 qui
1197 900 1466 989 saepius
1496 919 1634 968 nos
1651 897 2030 987 benignius
2062 897 2370 987 excepit,
2385 916 2600 987 quam

587 1023 744 1072 eum
801 1022 985 1070 nuuc
1037 1000 1446 1092 excipimus,
1548 998 1711 1089 Ego
1764 1018 1942 1068 vero
1995 994 2190 1066 illum
2233 995 2423 1065 haud
2469 1016 2597 1065 ne-

582 1124 766 1185 ram,
832 1103 927 1170 ait
977 1101 1309 1190 dynasta,
1375 1101 1544 1191 quin
1611 1101 1863 1169 iterum
1931 1096 2071 1167 huc
2122 1096 2452 1181 accedat,
2520 1104 2600 1166 ut

584 1221 857 1273 mecum
911 1198 1394 1293 colloquatur!
1473 1195 1682 1272 Fecit
1729 1195 2155 1290 Ogmundns
2210 1195 2599 1289 extemplo,

585 1323 742 1374 cum
788 1302 990 1390 jussa
1045 1300 1366 1391 dynastae
1418 1298 1813 1383 audiverat,
1865 1309 1941 1369 ut
1988 1301 2241 1367 iterum
2293 1297 2382 1367 ad
2436 1317 2599 1367 eum

586 1401 991 1473 accederet.
1108 1399 1303 1470 Dein
1371 1399 1706 1491 dynasta:
1777 1401 1896 1490 qui
1965 1394 2391 1489 Ogmundus
2460 1398 2598 1469 es?

583 1503 823 1596 inquit.
924 1498 1082 1586 llle,
1135 1503 1297 1593 quis
1351 1502 1466 1584 sit,
1517 1508 1847 1570 accurate
1901 1498 2264 1583 describit,
2329 1507 2407 1568 ut
2458 1518 2602 1569 non

584 1621 990 1694 agnoscere
1054 1622 1200 1671 non
1252 1608 1526 1693 posset.
1640 1597 1816 1669 Tum
1883 1599 2212 1690 dynasta:
2290 1601 2469 1684 scio,
2533 1601 2604 1669 si

584 1702 750 1774 talis
798 1704 908 1772 vir
958 1722 1079 1787 es,
1156 1710 1231 1771 te
1283 1702 1568 1771 nonnisi
1615 1720 1792 1771 vera
1842 1699 2155 1787 reserre3
2224 1701 2341 1769 dic
2392 1720 2601 1785 vero,

586 1804 833 1895 inquit,
884 1803 1043 1894 quis
1090 1822 1344 1893 magno
1395 1799 1498 1871 illi
1531 1802 1884 1871 exercitui
1911 1803 2178 1893 praesit.
2282 1797 2603 1892 Ogmun-

591 1905 765 1975 dus:
818 1898 1232 1992 Sigvaldius
1284 1922 1544 1974 nomen
1599 1911 1712 1972 est
1763 1903 1855 1986 ei,
1909 1903 2025 1994 qui
2055 1902 2284 1993 copiis
2315 1901 2636 1993 proeesu‘

590 2004 725 2076 sed
792 2001 1192 2096 appellatos
1252 2005 1323 2071 iu
1394 2004 1722 2073 exercitu
1789 2001 2025 2073 audivi
2086 2011 2160 2072 et
2208 1998 2461 2071 Buium
2529 2011 2606 2074 et

586 2105 936 2195 Vagnem,
987 2114 1200 2196 atque
1252 2106 1324 2173 in
1380 2124 1495 2173 me
1536 2105 1698 2195 ipso
1741 2100 1970 2195 aliqua
2007 2104 2315 2193 vestigia
2345 2102 2604 2190 habeo,

590 2226 749 2298 quae
783 2203 1109 2288 doceant,
1161 2225 1275 2272 me
1308 2206 1452 2287 ista
1484 2223 1625 2272 non
1671 2205 1986 2272 mentiri:
2042 2202 2369 2297 elataque
2402 2225 2607 2275 manu

590 2305 914 2394 dynastae
967 2313 1355 2373 truncatum
1427 2301 2173 2374 brachiumostendit.
2287 2302 2422 2375 Hie
2475 2305 2607 2396 dy-

590 2411 832 2474 nasta:
886 2402 1199 2493 indigne,
1252 2406 1498 2495 iuquit,
1549 2411 1762 2496 atque
1815 2403 2080 2474 acerbe
2111 2414 2456 2477 tractatus
2490 2426 2606 2492 es3

591 2501 847 2573 nostin'
900 2512 1159 2588 autem,
1227 2505 1389 2595 quis
1439 2513 1515 2573 te
1568 2501 1703 2574 hac
1753 2503 2187 2576 mutilatione
2242 2506 2607 2578 affecerit?
2725 2569 2747 2575 -

589 2601 956 2673 Probabili
1006 2607 1280 2675 ratione
1333 2603 1625 2695 collegi,
1677 2607 1919 2699 iuquit,
1973 2606 2305 2698 dynasta,
2362 2610 2607 2694 exiis,

591 2726 750 2798 quae
805 2702 1023 2774 locuti
1074 2714 1261 2791 sunt,
1312 2726 1467 2775 cum
1516 2704 1640 2776 ille
1680 2708 1836 2799 ipse
1872 2693 2418 2801 annulum?quo
2472 2712 2609 2779 cir·

594 2805 916 2876 cumdata
952 2827 1203 2876 manus
1236 2818 1411 2892 erat,
1439 2805 1764 2877 tolleret:
1818 2817 2045 2877 macte
2079 2807 2367 2894 lucello,
2402 2807 2610 2901 Vagn

594 2904 760 2973 Akii
812 2902 938 2975 fili!
995 2907 1358 2993 dixerunt3
1406 2908 1602 2977 nude
1633 2906 2172 2995 concludebam,
2224 2908 2414 2980 hunc
2441 2910 2612 2980 mihi

597 3003 874 3095 plagam
927 3007 1310 3093 inflixisse3
1366 3015 1441 3076 et
1489 3010 1831 3098 comperi,
1884 3011 2127 3101 inquit,
2180 3009 2369 3080 hunc
2401 3031 2611 3081 exer-

599 3105 807 3173 citum
864 3103 1204 3196 appellari
1252 3108 1513 3197 piratas
1541 3104 1954 3178 Jomenses.
2056 3109 2417 3200 Dynasta:
2472 3110 2616 3182 hoe

601 3202 883 3296 quidem
937 3225 1113 3274 vere
1166 3205 1530 3296 collegisti
1583 3228 1677 3277 ex
1729 3206 2127 3278 nominibus
2181 3230 2426 3280 eorum
2483 3208 2613 3279 ho·-

601 3304 896 3387 minum,
965 3325 1148 3396 quos
1195 3309 1267 3374 in
1321 3310 1642 3379 exercitu
1696 3312 2089 3379 nominatos
2141 3308 2432 3398 audisti3
2486 3330 2616 3382 ve-

603 3424 756 3473 rum
812 3402 1385 3475 dissimulandum
1442 3429 1580 3477 non
1636 3418 1771 3494 est,
1827 3412 1967 3479 etsi
2021 3413 2326 3482 omnium
2380 3414 2618 3503 copia-

602 3524 758 3572 rum
808 3500 1164 3574 hostilium
1221 3508 1411 3597 optio
1461 3508 1630 3579 mihi
1683 3510 1844 3579 data
1898 3519 2122 3594 esset,
2172 3509 2305 3582 has
2346 3533 2461 3582 me
2491 3513 2620 3581 mi-

608 3604 792 3672 nime
864 3613 1299 3693 optaturum3
1369 3603 1676 3700 mihique
1746 3612 2019 3680 animus
2088 3615 2459 3704 praesagit,
2546 3620 2621 3681 et

605 3702 977 3794 prudentia
1032 3713 1108 3773 et
1157 3708 1577 3776 strenuitate
1630 3728 1810 3800 opus
1860 3709 2040 3780 fore.

806 3799 925 3871 40.
1028 3801 1188 3874 Jam
1266 3806 1566 3899 dynasta
1638 3807 1994 3898 extemplo
2060 3806 2329 3901 aliquot
2393 3808 2618 3878 homi·

608 3921 745 3972 nes
792 3897 1031 3974 Ladas
1081 3909 1269 3977 misit
1317 3907 1406 3977 ad
1437 3904 1779 3979 Sveiuem
1830 3906 2044 3977 filium
2098 3928 2325 3992 suum,
2380 3908 2522 3999 qui*
2551 3910 2623 3978 ei

610 4003 924 4072 nuntium
978 4004 1069 4074 de
1124 4008 1533 4078 incursione
1585 4004 1893 4077 hostium
1944 4005 2384 4099 perferreut3
2435 4028 2621 4099 prae-

611 4102 812 4190 cipit,
878 4111 955 4174 ut
1005 4107 1252 4196 copias
1313 4127 1445 4197 per
1513 4113 1732 4175 totum
1784 4103 2381 4180 Thrandheimum
2445 4128 2622 4180 con-
