2950 4684
599 301 777 390 858
1133 326 1499 375 nxsronu
1526 321 2070 373 «numenium.
2199 321 2274 383 c.
2310 317 2620 386 1262127,

603 513 680 604 gi
731 509 925 582 mille
977 513 1462 603 octingentas,
1552 511 1900 601 episcopo
1959 504 2380 582 sexcentasl
2436 505 2618 578 seli·

599 611 776 683 bras
827 612 1209 696 donarunt,
1286 619 1366 682 ut
1417 631 1591 703 pax,
1664 618 1875 679 antea
1926 630 2083 679 cum
2141 608 2419 679 Vendis
2485 629 2617 678 no·

605 715 795 783 mine
848 714 1046 804 regis
1096 709 1548 782 Valdemaris
1598 709 1782 780 facta
1836 718 1910 780 et
1958 709 2047 778 ab
2078 712 2285 802 ipsis
2339 708 2620 779 vendis

606 810 888 898 violata,
940 821 1279 898 maneret,
1332 811 1660 882 omnibus
1710 812 2135 903 provinciiS,
2188 831 2367 903 quas
2416 807 2620 879 bello

605 916 905 994 intactas
974 933 1148 983 esse
1218 933 1349 982 rex
1419 910 1685 997 vellet,
1772 913 2229 981 securitatem
2299 908 2620 1003 polliciti.

604 1012 828 1083 Iidem
879 1033 1071 1084 nono
1123 1021 1290 1106 post
1323 1012 1478 1098 die,
1532 1034 1734 1106 quam
1773 1012 2279 1096 discesserant,
2310 1012 2621 1094 reversi,

599 1133 857 1204 regem
919 1116 991 1183 in
1051 1115 1275 1185 Mona
1328 1120 1853 1200 convenerunt3
1936 1113 2047 1182 cui
2112 1110 2623 1205 proficiscendi

605 1211 1048 1284 celeritatem
1104 1215 1496 1297 demiranti‚
1549 1234 1706 1307 quae
1757 1214 1827 1282 in
1867 1214 2120 1282 itinere
2158 1212 2622 1297 accidissent,

607 1324 1121 1406 exposuerunt,
1175 1316 1659 1407 pecuniasque
1716 1321 1788 1383 et
1837 1311 2135 1383 obsides
2197 1311 2620 1389 retulerunt.

609 1410 890 1504 Quibus
957 1436 1092 1486 rex
1146 1437 1278 1509 pro
1343 1435 1589 1485 eorum
1658 1411 2105 1508 profectione
2154 1422 2399 1505 grates
2448 1433 2631 1506 per‘

499 1582 502 1587 ⁴
608 1512 845 1585 solvit.

1204 1612 1465 1687 Obitus
1535 1614 1616 1687 V
1603 1615 2017 1687 aldemam.

811 1712 977 1784 127.
1080 1714 1266 1786 Post
1330 1717 1490 1791 haec
1559 1720 1868 1811 quinque
1937 1716 2097 1785 anni
2159 1718 2250 1784 ita
2314 1716 2621 1784 transie-

607 1823 804 1901 runt,
871 1825 949 1885 ut
1010 1814 1226 1886 nullae
1280 1820 1508 1911 copiae
1561 1838 1603 1886 e
1658 1838 1884 1908 regno
1955 1818 2020 1884 in
2089 1815 2620 1906 expeditionem

607 1923 1103 1987 evocarentur.
1203 1915 1281 1985 ln
1332 1917 1473 1988 hoc
1528 1938 1707 1989 vero
1776 1920 1924 1986 otio
1991 1915 2229 1986 Vendi
2280 1935 2490 1985 arces
2544 1924 2625 1985 et

605 2014 911 2087 castella
935 2025 1467 2104 exstruxerunt,
1508 2017 1885 2109 multaque,
1940 2038 2099 2110 quae
2130 2016 2215 2085 ad
2247 2017 2621 2107 regionem

610 2115 1132 2186 defendendam
1202 2140 1385 2211 opus
1456 2127 1693 2204 erant,
1781 2120 2201 2187 munimenta
2254 2115 2620 2186 fecerunt.

607 2214 895 2304 Quibus
946 2216 1169 2287 rebus
1220 2220 1526 2310 cognitis
1558 2239 1693 2288 rex
1728 2217 2144 2301 Valdemar,
2197 2237 2619 2310 persvasum

609 2313 917 2400 babenS,
996 2315 1298 2386 Vendos
1349 2338 1490 2387 non
1545 2321 1789 2409 majori
1842 2340 1999 2387 cum
2070 2317 2209 2387 fide
2264 2315 2444 2386 banc
2493 2338 2620 2409 pa-

607 2417 940 2500 ctionem,
981 2436 1185 2508 quam
1240 2439 1401 2510 quae
1451 2420 1811 2510 superiori
1863 2427 2187 2510 tempore
2237 2417 2445 2488 factae
2497 2437 2620 2487 es-

605 2524 812 2601 sent,
874 2525 1332 2603 servaturoS,
1384 2520 1610 2609 primo
1663 2539 1838 2589 vere
1894 2522 2137 2612 copias
2190 2522 2260 2588 in
2315 2517 2620 2610 expedi-

607 2617 872 2686 tionem
912 2619 1259 2687 evocavit.
1379 2616 1614 2709 Quum
1666 2640 1845 2690 vero
1892 2621 2258 2689 exercitus
2309 2622 2379 2688 in
2428 2616 2619 2690 freto

607 2714 836 2787 Viridi
887 2719 1381 2805 convenisset,
1462 2740 1597 2789 rex
1649 2718 2037 2791 Valdemar
2086 2719 2347 2790 morbo·
2389 2718 2620 2812 impli-

610 2820 797 2888 citus
849 2827 984 2889 est.
1083 2816 1342 2908 Igitur,
1405 2823 1756 2890 concione
1807 2820 2095 2890 militum
2147 2818 2404 2906 habita,
2449 2840 2617 2890 sus-

609 2926 885 3008 ceptam
941 2917 1465 3008 expeditionem
1520 2924 1857 3014 persequi
1913 2923 2159 3011 jussit,
2243 2929 2316 2991 et
2364 2940 2618 3012 regem

607 3014 922 3086 Knntum
975 3014 1186 3086 filium
1240 3026 1313 3087 et
1363 3018 1975 3114 archiepiscopum
2013 3020 2454 3092 Absalonem
2488 3040 2617 3089 ex-

612 3115 864 3185 ercitui
914 3115 1152 3186 denuo
1213 3118 1553 3210 praefecit.
1690 3119 1833 3211 Qui
1895 3143 2105 3215 quum
2175 3121 2455 3213 digredi
2525 3120 2615 3190 ab

611 3234 704 3285 eo
755 3213 1051 3300 nollent,
1104 3220 1548 3312 priusquam,
1613 3241 1948 3314 quorsum
2002 3221 2294 3292 morbus
2349 3221 2617 3292 evade-

605 3309 742 3400 ret,
795 3316 1329 3407 cognovissent,
1379 3341 1514 3389 rex
1563 3320 1874 3407 KnutuS,
1925 3325 2341 3393 auctoritate
2387 3319 2614 3392 archi-

609 3417 930 3508 episcopi
983 3414 1371 3489 Absalonis
1414 3430 1669 3505 motuS,
1721 3421 2046 3493 omnibus
2072 3425 2299 3514 copiis
2331 3422 2616 3493 domum

605 3516 960 3585 redeundi
1012 3519 1288 3605 veniam
1343 3523 1725 3590 concessit.
1825 3520 1995 3592 Rex
2044 3522 2433 3593 Valdemar
2476 3520 2615 3593 boc

602 3614 857 3685 morbo
909 3616 1084 3687 obiit
1134 3616 1202 3687 2.
1253 3639 1479 3689 nonas
1528 3619 1738 3708 Maii3
1798 3621 2013 3694 funus
2067 3627 2226 3715 ejus
2277 3621 2613 3715 Ringsta-

607 3713 744 3784 dos
815 3715 1292 3809 deportatum,
1379 3718 1616 3811 ibique
1683 3722 2038 3815 sepultum
2108 3733 2239 3794 est.
2390 3722 2616 3812 Cujus

603 3832 800 3888 mors
854 3818 1192 3887 universo
1245 3819 1459 3889 totius
1511 3819 1765 3897 Daniae
1818 3822 2083 3915 populo
2151 3822 2613 3892 acerbissima

602 3910 752 3983 fuit.
853 3911 1020 3985 Toti
1071 3914 1322 3986 Daniae
1373 3939 1599 3990 annos
1651 3941 1787 3990 sex
1844 3930 1917 3991 et
1965 3925 2215 4014 viginti
2272 3919 2614 4014 singulari

602 4013 901 4103 imperio
955 4012 1368 4104 praefuerat3
1421 4020 1492 4087 in
1543 4022 1758 4089 terris
1811 4025 2103 4111 paganis
2156 4024 2403 4112 viginti
2440 4029 2611 4091 octo

675 4139 721 4206 ²)
758 4143 887 4212 auri,
921 4143 1052 4197 aaa.
1087 4145 1219 4207 ωε,
1245 4145 1303 4204 V,
