2950 4684
613 314 789 403 372
1297 340 1823 389 rusulum-run
1878 342 1924 387 r.
2460 335 2538 398 c.
2572 335 2640 399 9.

618 525 845 597 nalem
899 526 1410 616 immigratione
1474 532 1909 616 repetuntur.
2013 520 2241 614 Quam
2310 523 2403 593 ob
2471 545 2633 594 rem

616 648 934 718 magnam
988 624 1203 697 habet
1253 623 1840 717 probabilitatem,
1893 621 2072 693 banc
2117 622 2447 715 liugnam,
2497 644 2633 695 no·

616 727 731 799 bis
770 724 1437 820 Septemtrinualem
1494 725 1771 811 dictam,
1821 722 1909 794 ab
1965 724 2073 794 eis
2124 726 2194 793 in
2248 723 2377 796 has
2429 725 2635 796 orbis

615 827 933 900 borealis
1001 835 1245 919 partes
1312 827 1779 896 introductam
1844 824 2105 911 fuisse3
2174 848 2331 918 qnae
2383 825 2631 917 lingua

615 932 687 999 in
708 927 1047 1012 saxonia,
1098 925 1350 1016 Dania,
1403 924 1691 1012 Svecia,
1740 925 2110 1016 Norvegia
2165 934 2239 995 et
2275 925 2631 1020 aliquanta

616 1028 900 1122 Angliae
958 1037 1155 1120 parte
1205 1029 1450 1119 viguit.
1554 1027 1781 1119 Hujus
1833 1024 2074 1119 populi
2113 1030 2445 1120 princeps
2495 1026 2633 1098 fuit

617 1127 846 1214 Odin,
898 1126 1160 1198 Thuris
1209 1127 1427 1213 filius,
1481 1131 1599 1221 qui
1656 1125 1919 1198 multos
1968 1125 2157 1197 filios
2207 1125 2481 1215 habuit3
2534 1129 2628 1197 ad

618 1251 826 1325 quem
882 1227 1078 1298 multi
1130 1226 1458 1298 homines
1513 1231 1830 1320 origines
1887 1249 2059 1298 suas
2112 1228 2450 1299 referunt.
2553 1227 2632 1297 Is

617 1330 778 1402 filiis
827 1330 981 1400 suis
1030 1331 1434 1427 provincias
1488 1328 1860 1413 distribuit,
1915 1349 2192 1421 eosque
2239 1327 2631 1421 praefectos

615 1431 947 1504 reddidit.
1045 1429 1250 1501 Unus
1287 1429 1588 1501 filiorum
1628 1432 1785 1521 ejus
1815 1427 2215 1522 appellatus
2247 1438 2361 1499 est
2383 1426 2630 1521 Skjol-

619 1534 777 1617 dus,
831 1534 949 1624 qui
1000 1540 1285 1617 terram,
1338 1553 1524 1602 nune
1554 1531 1849 1600 Daniam
1904 1531 2181 1615 dictam,
2234 1534 2630 1622 occupavit.

614 1632 748 1702 Hae
797 1652 975 1702 vero
1028 1641 1267 1717 terrae,
1318 1653 1479 1724 quae
1531 1630 1618 1701 ab
1657 1630 1943 1701 Asianis
1986 1629 2507 1716 incolebantur,
2553 1630 2628 1700 id

618 1732 962 1825 temporis
1011 1729 1411 1817 Godlanda,
1465 1731 1723 1801 incolae
1771 1731 2127 1823 Godjoda·
2158 1734 2388 1802 vocati
2439 1740 2628 1801 sunt.

616 1833 750 1904 Hic
805 1830 1068 1903 limites
1121 1834 1482 1903 constituti
1536 1835 1718 1902 inter
1772 1835 2171 1925 provincias
2223 1856 2261 1902 a
2314 1830 2625 1923 Skjoldo

619 1945 690 2006 et
715 1933 1106 2026 Ingisreyo,
1156 1930 1369 2025 liujus
1396 1932 1639 2019 fratre,
1691 1937 2151 2026 quil-egnum,
2202 1955 2387 2004 nunc
2412 1931 2626 2003 Svio-

615 2058 780 2107 num
835 2036 1127 2121 dictum,
1193 2033 1524 2121 incoluit,
1593 2042 1996 2128 occupatas,
2100 2032 2290 2104 Odin
2354 2032 2626 2126 filiique

613 2137 1022 2230 prudentia,
1073 2138 1243 2207 artis
1294 2139 1589 2227 magicae
1643 2137 1951 2228 pe1·itia,-
1985 2135 2233 2206 formae
2284 2134 2626 2229 pulcritu-

619 2238 781 2306 dine
848 2245 919 2306 et
982 2236 1462 2327 magnitudine
1518 2239 1769 2307 virium
1835 2234 2308 2307 excellebant.
2408 2234 2627 2306 Multi

616 2357 901 2429 quoque
953 2334 1070 2405 alii
1127 2335 1382 2404 eodem
1432 2356 1718 2427 genere
1776 2339 1910 2408 orti
1974 2339 2317 2419 variarum
2384 2356 2624 2406 rerum

612 2438 1021 2530 praestantia
1060 2433 1577 2522 excelluerunt,
1619 2459 1915 2531 quorum
1967 2435 2349 2509 nonnullos
2403 2440 2625 2507 sacri-

615 2536 798 2606 ficiis
854 2546 929 2606 et
979 2536 1215 2607 divino
1268 2535 1459 2608 cultu
1510 2541 1863 2625 venerari,
1918 2539 2243 2632 deosque
2296 2559 2472 2608 suos
2500 2561 2625 2631 ap-

613 2636 890 2731 pellare
970 2635 1294 2708 homines
1372 2648 1758 2732 coeperunt.
1875 2637 2220 2732 Skjnldus
2291 2648 2447 2709 erat
2510 2642 2632 2709 vir

616 2736 1158 2824 celeberrimuS,
1210 2739 1659 2834 amplumque
1709 2761 2008 2831 regnum
2053 2738 2187 2811 sub
2240 2762 2369 2810 sua
2417 2751 2625 2833 pote-

615 2848 800 2911 state
853 2838 1125 2927 habuit3
1195 2844 1352 2932 ejus
1407 2844 1769 2932 imperium
1821 2860 2118 2911 annonae
2171 2840 2497 2912 ubertate
2552 2850 2628 2913 et

614 2943 815 3032 pacis
879 2942 1029 3010 otio
1093 2941 1347 3012 floruit.
1459 2939 1711 3012 Filium
1778 2940 2050 3026 babuit,
2122 2945 2406 3011 nomine
2454 2938 2626 3011 Lei-

615 3061 808 3125 vum3
879 3060 1032 3109 nam
1089 3042 1156 3109 ei
1209 3062 1505 3131 regnum
1574 3040 1901 3135 bonaque
1971 3041 2253 3113 mobilia
2308 3045 2626 3113 moriens

615 3136 902 3231 reliquit
947 3137 1240 3232 (leifbi).
1342 3139 1510 3230 Quo
1562 3145 1952 3237 imperante
2022 3165 2234 3236 quum
2296 3163 2432 3237 pax
2462 3152 2623 3214 -tam

614 3237 801 3310 bona
854 3249 1075 3325 esset,
1127 3249 1204 3311 ut
1251 3238 1518 3312 nullum
1576 3246 1643 3312 in
1698 3266 1924 3335 regno
1978 3246 2135 3335 ejus
2175 3241 2623 3316 homicidium

614 3338 843 3428 fleret,
898 3363 1051 3411 eam
1084 3339 1176 3412 ob
1208 3362 1491 3414 causam
1525 3344 1756 3416 dictus
1801 3354 1914 3415 cst
1944 3343 2378 3433 Fridleivus3
2431 3345 2621 3415 idem

613 3444 958 3533 sapientia
1027 3441 1450 3515 excellebat.
1573 3444 1749 3537 Ejus
1824 3444 2011 3517 filins
2093 3445 2225 3516 fuit
2287 3444 2625 3530 Frodius,

614 3544 732 3635 qui
786 3552 920 3613 tam
979 3543 1290 3634 prudens
1357 3555 1604 3640 totque
1676 3568 1911 3617 rerum
1967 3567 2232 3638 gnarus
2288 3558 2478 3632 erat,
2544 3554 2624 3616 ut

614 3643 1016 3737 quicunque
1069 3644 1434 3716 multarum
1489 3668 1723 3717 rerum
1779 3650 2139 3718 scientiam
2192 3646 2482 3732 habeat,
2530 3667 2625 3716 ex

616 3744 774 3833 ejus
823 3747 1107 3815 nomine
1154 3744 1369 3836 fro'br
1415 3746 1837 3840 appelletur.
1925 3746 2323 3840 Imperante
2351 3746 2623 3819 Frodio

614 3842 813 3915 cives
864 3847 1157 3916 internoe
1209 3849 1403 3939 pacis
1458 3848 1643 3918 adeo
1710 3848 2181 3919 observantes
2237 3860 2477 3934 erant,
2545 3856 2626 3919 ut

612 3963 823 4020 nemo
893 3944 1118 4017 vellet
1187 3945 1540 4018 bominem
1606 3950 1978 4032 occidere,
2065 3954 2202 4019 etsi
2272 3954 2342 4021 in
2406 3950 2624 4045 patris

612 4041 996 4140 fratrisque
1046 4069 1552 4138 percussorem
1617 4053 1923 4120 vinctum
1973 4049 2341 4122 incideret.
2442 4049 2622 4120 Tum

611 4147 877 4237 rapinae
940 4146 1267 4242 furtaque
1340 4149 1527 4221 adeo
1595 4152 1667 4218 in
1734 4150 2279 4222 desvetudinem
2348 4150 2627 4234 abiere,
