2950 4684
640 330 815 420 Μ
1078 360 1174 407 nn
1233 359 1539 406 nauem
1594 357 1889 406 aarum
1944 358 2176 404 mmo.
2406 354 2484 416 c,
2517 351 2660 419 23,

643 545 1135 618 liberalitatem
1189 564 1274 614 ae
1325 542 1826 635 benignitatem
1869 544 2072 635 regis
2100 551 2666 633 cognoscerent,

641 656 811 720 voto
865 650 1131 740 potitus
1184 654 1315 716 est.
1439 642 1671 714 Paulo
1743 653 1906 736 post
1971 643 2415 714 commodum
2480 662 2665 714 ven-

642 758 786 821 tum
841 750 1062 832 nacti,
1141 748 1205 815 in
1260 742 1702 830 Selandiam,
1780 743 1900 814 ubi
1968 765 2220 837 regem
2286 742 2668 814 Danorum

641 851 918 921 versari
972 855 1438 939 cognoscunt,
1491 848 1849 937 navigant3
1904 853 2015 930 et,
2081 856 2157 915 ut
2210 847 2498 936 primum
2552 843 2667 913 fa-

642 949 874 1021 cultas
928 957 1118 1032 erat,
1190 946 1492 1040 Gyrdus
1543 969 1680 1018 una
1735 947 1891 1016 cum
1945 944 2252 1036 Vigfuse
2302 944 2669 1037 Norvego

641 1050 729 1123 ad
785 1072 1035 1141 regem
1092 1047 1584 1142 proficiscitur,
1681 1045 1795 1116 Ad
1850 1046 2182 1139 oppidum
2215 1045 2456 1130 delati,
2507 1067 2667 1140 quo

641 1163 969 1243 tempore
1022 1170 1157 1218 rex
1228 1150 1492 1218 mensis
1554 1146 2049 1232 accumbebat,
2136 1168 2295 1217 eum
2369 1147 2665 1217 adeunt.

641 1251 809 1323 Rex
862 1248 1187 1343 Gyrdum
1241 1250 1645 1319 comissime
1675 1256 2050 1340 exceptum
2084 1247 2176 1317 de
2206 1247 2667 1340 profectione

645 1350 1038 1444 Anglicana
1090 1359 1578 1443 percontatur3
1661 1371 1862 1443 quam
1935 1345 2059 1417 ille
2130 1347 2437 1418 feliciter
2487 1368 2664 1417 ees-

640 1457 832 1525 sisse
886 1450 1214 1522 ostendit.
1318 1448 1477 1540 Qua
1532 1451 1622 1519 de
1657 1470 1737 1519 re
1775 1471 1980 1543 quum
2020 1447 2356 1520 collocuti
2381 1458 2665 1536 essent,

643 1574 773 1623 rex
828 1556 1239 1641 interrogat,
1292 1554 1449 1644 quis
1481 1553 1770 1642 juvenis
1822 1549 1943 1619 ille
1998 1553 2106 1622 vir
2157 1553 2270 1621 sit.
2369 1548 2663 1641 Vigfus,

644 1654 840 1722 edito
893 1654 1174 1720 nomine
1228 1672 1402 1736 suo,
1439 1673 1711 1742 regem,
1764 1660 1839 1722 ut
1888 1649 2125 1745 aliquo
2177 1651 2397 1722 modo
2429 1649 2662 1720 rebus

641 1757 796 1839 suis
853 1739 1270 1845 prospiciat,
1334 1762 1508 1821 orat.
1609 1750 2000 1841 Quaerente
2051 1773 2273 1843 rege,
2341 1750 2503 1845 quid
2558 1751 2658 1820 ad

645 1855 938 1925 dandam
994 1851 1288 1944 regibus
1341 1873 1630 1946 operam
1684 1853 1995 1938 afferret,
2047 1874 2155 1922 an·
2188 1852 2476 1923 fabricae
2521 1850 2656 1922 ali-

643 1958 849 2049 cujus
900 1958 1168 2024 artisve
1223 1957 1493 2047 peritus
1547 1954 1795 2025 esset?
1848 1953 1974 2023 ille
2026 1974 2111 2023 se
2165 1952 2425 2023 nullius
2477 1954 2656 2024 artis

642 2061 918 2150 peritia,
972 2078 1106 2150 qua
1161 2054 1455 2146 regibus
1489 2076 1775 2147 operam
1811 2055 2034 2140 daret,
2077 2052 2440 2147 praeditum
2475 2076 2656 2124 esse

639 2157 883 2228 fassus
938 2167 1081 2226 est:
1135 2158 1269 2225 nisi
1323 2157 1512 2251 quod
1547 2159 1774 2226 animo
1815 2158 2198 2248 praesagio,
2235 2158 2478 2249 inquit,
2531 2177 2653 2225 me

638 2256 724 2326 ad
782 2257 1164 2326 secundam
1192 2255 1537 2325 fortunam
1571 2258 1757 2349 apud
1798 2266 1869 2327 te
1902 2265 2424 2348 perventurum.
2478 2255 2651 2347 Quo

640 2355 1108 2426 difficiliorem
1178 2355 1314 2425 sibi
1378 2377 1529 2426 rem
1602 2357 1946 2449 expeditu
2015 2355 2174 2427 fore
2242 2379 2377 2427 rex
2426 2359 2650 2450 signi-

639 2456 889 2528 ficavit.

839 2557 905 2627 3.
1006 2555 1197 2625 Dein
1250 2577 1383 2626 rex
1435 2560 1785 2629 arcessito
1837 2561 2455 2652 praestantissimo,
2525 2561 2650 2651 qui

635 2662 704 2729 in
761 2658 1088 2730 domibus
1144 2661 1368 2750 regiis
1424 2669 1598 2744 erat,
1651 2658 1852 2729 fabro
1902 2659 2204 2730 ferrario
2258 2663 2365 2731 sie
2418 2658 2649 2754 loqui·

569 2822 572 2827 .
633 2771 784 2832 tur:
854 2762 1063 2832 adest
1114 2762 1222 2830 vir
1273 2760 1550 2853 quidam
1597 2763 1927 2852 juveniS,
2002 2781 2210 2854 quem
2276 2770 2645 2853 receptum

632 2861 898 2933 fabrica
951 2862 1280 2947 ferraria,
1334 2862 1546 2932 modo
1603 2863 1975 2953 percipere
2030 2865 2295 2955 possit,
2344 2862 2646 2932 institui-

633 2973 747 3051 to;
802 2986 993 3047 cura,
1046 2971 1120 3031 ut
1171 2961 1357 3031 bene
1415 2984 1575 3032 eum
1629 2954 1920 3047 habeas,
1975 2982 2116 3031 neu
2171 2964 2236 3032 ei
2291 2962 2645 3048 invideaS,

633 3063 771 3131 etsi
818 3062 1025 3132 Deus
1079 3064 1146 3131 ei
1200 3061 1733 3153 intelligentiam
1787 3072 2165 3154 suggerat,
2235 3063 2424 3157 quod
2479 3062 2644 3134 fore
2734 3132 2741 3135 .

630 3183 944 3251 magnam
999 3181 1200 3252 spem
1254 3161 1551 3245 habeo„
1613 3161 1848 3252 Quum
1901 3163 2103 3255 faber
2153 3185 2238 3234 se
2279 3166 2476 3255 regis
2511 3185 2643 3234 vo-

632 3260 876 3333 luntati
929 3263 1436 3333 obsecuturum
1493 3263 1987 3349 ostendisset„
2013 3263 2218 3335 ambo
2270 3284 2357 3334 se
2412 3264 2498 3333 ad
2534 3263 2639 3334 fa-

627 3361 890 3434 bricam
944 3363 1250 3434 serream
1305 3361 1696 3432 conferunt.
1825 3362 1925 3433 Ut
1987 3386 2133 3434 rem
2205 3366 2451 3457 paucis
2511 3382 2641 3434 ex-

626 3463 926 3555 pediam,
978 3468 1114 3534 tiro
1170 3472 1436 3549 noster,
1491 3466 1754 3555 ingenii
1809 3464 2118 3536 bonitate
2151 3466 2451 3557 adjutuS,
2487 3475 2639 3536 tan-

626 3572 768 3632 tum
820 3563 1162 3657 profecit,
1242 3575 1318 3638 ut
1370 3575 1534 3657 post
1593 3587 1726 3636 sex
1782 3587 2068 3636 menses
2121 3587 2248 3659 par
2300 3569 2638 3658 magistro

625 3673 863 3751 esset3
946 3665 1384 3757 procedente
1456 3687 1632 3735 vero
1693 3689 1873 3737 anno
1944 3675 2177 3737 tantos
2237 3667 2411 3738 fecit
2474 3682 2639 3760 pro-

625 3783 954 3855 gressuS,
1006 3776 1085 3837 ut
1137 3763 1307 3837 ferri
1361 3766 1747 3838 fabricandi
1801 3769 2049 3860 peritia
2103 3788 2354 3838 omnes
2385 3766 2638 3837 Daniae

626 3864 936 3936 artifices
987 3877 1382 3961 superaret.
1519 3866 1790 3961 Elapso
1860 3886 2046 3939 anno
2115 3869 2321 3938 ambo
2384 3886 2637 3958 regem

625 3965 922 4055 adeunt3
1000 3980 1213 4041 vetus
1264 3966 1505 4053 faber,
1589 3990 1730 4062 quo
1795 3966 1959 4037 loco
2014 3989 2135 4038 res
2189 3972 2318 4054 sit,
2403 3968 2638 4038 docet.

627 4063 762 4137 Cui
811 4089 946 4136 rex
974 4072 1243 4158 ‚gratiis
1291 4067 1599 4160 benigne
1629 4071 1829 4154 actiS,
1857 4067 2126 4139 fabrum
2157 4071 2635 4160 argentarium

622 4165 948 4252 advocat,
980 4173 1275 4263 ejusque
1296 4190 1490 4240 curae
1507 4168 1882 4261 vig-susem
1903 4170 2365 4243 commendat.
2404 4167 2635 4260 Quam
