2950 4684
504 326 519 349 .
591 283 769 373 m
894 273 907 283 ‘
1119 307 1484 361 menna
1537 308 2056 361 unumunurn
2313 322 2320 329 ·
2365 308 2471 373 ·c.
2498 307 2607 377 77›

596 494 977 565 miserunt·
1070 490 1319 586 Itaque
1370 513 1536 563 rex:
1608 491 1844 585 placet
1896 490 2291 585 explorari,
2359 495 2607 587 inquit,

594 615 799 679 nam,
870 594 1006 664 nisi
1059 592 1448 686 exploratae
1514 595 1692 678 sint,
1774 591 1926 663 fieri
1977 599 2257 684 potest,
2339 602 2416 664 ut
2468 613 2604 665 nos

592 693 784 765 Dani
850 691 1010 769 hoec
1079 692 1248 764 dolo
1318 701 1393 762 et
1458 693 1763 764 novandi
1833 692 2073 764 studio
2143 694 2605 785 excogitasse

591 803 951 887 putemur3
1002 793 1135 864 sed
1189 813 1565 886 speramus
1626 789 1897 865 Deum1
1956 791 2049 863 ob
2117 794 2358 890 merita
2426 813 2604 863 mar-

593 897 777 986 tyris
828 897 967 980 sui,
1017 892 1237 965 Knuti
1288 896 1512 985 regis,
1566 894 1909 978 daturum,
1961 900 2040 962 ut
2071 896 2411 967 sanctitas
2442 895 2603 984 ejus

590 993 922 1066 omnibus
976 1014 1067 1065 eo
1122 993 1561 1065 manifestior
1613 995 1979 1086 magisque
2030 993 2316 1064 indubia
2346 992 2602 1067 redda-

594 1103 730 1178 tur,
778 1110 924 1187 qno
979 1093 1412 1184 diligentiori
1464 1096 1768 1164 examini
1816 1091 2248 1185 subjiciatur,
2300 1104 2375 1164 ut
2427 1091 2604 1164 nulli

552 1192 737 1264 'ulla
791 1192 1093 1287 relinqui
1149 1192 1489 1264 dubitatio
1544 1196 1794 1286 possit.
1894 1190 2075 1265 Tum
2129 1213 2262 1263 rex
2313 1192 2604 1265 Eirikus

588 1290 915 1387 [linteum
971 1289 1356 1387 impurum²
1407 1297 1615 1379 sumi,
1665 1303 1744 1365 et
1791 1297 1859 1364 in
1911 1315 2162 1386 pupam
2195 1291 2603 1387 complicari

581 1395 839 1485 jussit,
911 1403 1047 1467 tam
1101 1394 1481 1486 grandem,
1564 1404 1639 1466 ut
1703 1415 1936 1488 neque
1987 1390 2310 1484 longior³
2364 1412 2601 1486 neque

586 1491 884 1567 brevior
936 1503 1177 1580 esset,
1251 1516 1454 1590 quam
1509 1516 1772 1589 corpus
1821 1495 2043 1566 Knuti
2091 1496 2309 1585 regis.
2408 1492 2603 1565 Dein

591 1591 749 1664 baec
796 1616 984 1686 pnpa
1036 1598 1321 1687 corpori
1373 1597 1732 1687 imposita3
1785 1617 1953 1667 mox
1989 1597 2177 1686 ignis
2217 1614 2599 1687 consecra-

590 1700 709 1764 tus
759 1703 1037 1766 sumtus
1089 1704 1163 1765 et
1212 1714 1420 1788 pupae
1471 1697 1801 1787 injectuS,
1845 1699 2015 1789 ‘quae
2067 1705 2278 1788 quum
2332 1697 2427 1764 ita
2471 1714 2598 1764 ex·

586 1796 935 1882 arsisset,
1011 1803 1089 1865 ut
1138 1793 1279 1866 soli
1330 1797 1617 1866 cineres
1668 1794 1923 1890 reliqui
1978 1804 2264 1880 essent,
2332 1814 2597 1886 corpus

588 1891 836 1979 Knuti,
884 1897 1032 1988 igni
1084 1897 1448 1981 intactum,
1502 1895 1689 1966 adeo
1739 1894 2094 1967 incolume
2148 1903 2323 1981 erat,
2376 1903 2455 1965 ut
2507 1914 2598 1965 ne

587 2014 775 2065 uuus
843 1997 1125 2089 quidem
1206 1993 1390 2089 pilus
1469 1994 1810 2082 violatus,
1894 1999 2265 2089 ipsumque
2334 2014 2598 2086 corpus

590 2092 810 2165 multo
877 2118 1080 2188 quam
1149 2106 1356 2168 antea
1421 2098 1788 2169 candidius
1858 2106 2075 2169 esset.
2179 2094 2344 2186 Quo
2411 2093 2596 2164 facto

588 2191 836 2264 clerici
912 2194 1009 2267 Te
1056 2196 1301 2269 Deum
1349 2201 1829 2284 incinuerunt,
1911 2217 2306 2289 omnesque
2355 2195 2594 2266 Deum

585 2295 1139 2386 omnipotentem
1193 2305 1267 2366 et
1318 2296 1504 2367 bunc
1558 2301 1714 2389 ejus
1764 2296 2189 2388 martyrem4
2233 2295 2594 2369 collauda·

586 2400 766 2464 runt.
867 2391 1044 2465 Tum
1095 2398 1325 2467 statim
1354 2397 1676 2488 ejusdem
1718 2398 1877 2467 dies
1909 2395 2320 2468 emortualis
2347 2414 2596 2486 magna

586 2492 1036 2566 solemnitate
1065 2499 1182 2588 agi
1211 2499 1454 2590 coepit,
1511 2499 1626 2591 qui
1659 2498 1817 2568 dies
1846 2500 2404 2583 anniversarinS‚
2457 2498 2594 2565 ritu

585 2596 1039 2666 maximorum
1092 2596 1462 2684 festorum,
1516 2608 1659 2669 tota
1713 2597 1943 2668 Dania
1974 2596 2396 2669 celebratur.
2447 2596 2590 2667 Eo·

590 2691 750 2764 dem
805 2704 1129 2790 tempore
1181 2719 1345 2768 area
1396 2697 1719 2769 funebris
1767 2696 2165 2783 Benedicti,
2221 2700 2401 2789 regii
2454 2696 2593 2769 sra-

586 2796 742 2881 tris,
792 2806 840 2867 'e
872 2806 1062 2868 terra
1090 2797 1401 2885 sublata,
1454 2801 1660 2892 cujus
1690 2797 2010 2885 vulnera,
2063 2806 2408 2892 quotquot
2435 2797 2593 2885 regi

586 2891 842 2967 Knnto·
898 2897 1205 2970 obversa
1272 2909 1511 2986 erant,
1592 2902 1929 2971 coierant.
2069 2897 2235 2969 Rex
2299 2896 2591 2971 Eirikus

587 2992 1038 3084 splendidum
1112 3000 1441 3070 scrinium
1513 2997 1992 3071 fabricandum
2062 3001 2370 3083 curavit,
2449 3018 2592 3091 quo

584 3105 853 3164 sanctae
906 3097 1228 3192 reliquiae
1280 3100 1479 3189 regis
1533 3098 1919 3190 depositae,
1989 3102 2363 3192 ipsumque
2414 3098 2591 3169 scri-

582 3191 770 3262 nium
821 3215 1043 3287 super
1090 3195 1291 3268 altari
1345 3196 1770 3269 collocatum
1814 3210 1944 3270 est.
2043 3198 2124 3268 ln
2152 3197 2293 3270 alio
2325 3199 2590 3269 scrinio

586 3295 895 3386 quiescit
958 3316 1221 3390 corpus
1281 3295 1660 3369 Benedicti
1725 3296 2116 3370 Odinsvei⁵
2192 3302 2258 3368 in
2323 3296 2590 3369 Fionia.
2705 3292 2710 3300 ’

582 3389 663 3463 ln
715 3394 849 3467 hac
879 3396 1131 3469 eadem
1162 3398 1347 3485 aede,
1398 3421 1584 3470 nunc
1612 3403 1769 3492 regi
1801 3399 2040 3471 Knuto
2070 3420 2309 3485 sacra,
2359 3398 2592 3483 DeuS,

585 3513 679 3566 eo
731 3496 1201 3590 deprecatore
1257 3509 1330 3570 et
1377 3503 1910 3586 intercessore,
1972 3502 2271 3593 insignia
2322 3497 2590 3571 benefi-

578 3596 688 3666 cia
738 3595 1093 3692 multaque
1147 3600 1479 3673 miracula
1545 3601 1876 3673 exbibet:
1954 3600 2069 3673 hic
2138 3603 2312 3672 caeci
2360 3603 2588 3671 visum

656 3753 703 3821 ¹)
739 3757 794 3809 h.
829 3758 864 3808 1.
906 3756 1082 3829 incipit
1117 3760 1369 3829 posterior
1402 3779 1520 3829 pars
1558 3757 1767 3830 Fragm.
1806 3757 1877 3809 Η.
1964 3758 2013 3824 ⁵²)
2049 3778 2268 3827 purum,
2314 3757 2389 3818 83
2427 3757 2590 3809 linum

579 3846 634 3900 iu
672 3848 758 3901 fila
792 3860 901 3903 noh
940 3850 1236 3914 deductum,
1271 3851 1339 3909 K,
1371 3848 1433 3912 V,
1466 3865 1518 3905 et
1555 3852 1626 3917 H,
1663 3852 1753 3922 qui
1793 3851 1947 3903 habet
1984 3848 2065 3900 lae'n
2087 3848 2285 3911 dreInt,
2322 3848 2464 3900 band
2489 3849 2592 3900 du-

578 3940 664 3995 bie
699 3942 815 3995 eod.
854 3963 1039 4001 nemu,
1090 3963 1245 4014 quam
1284 3943 1600 3997 verissimam
1641 3943 1909 3998 lectionem
1949 3942 2184 3995 arbitror.
2281 3940 2328 4006 3)
2363 3937 2589 4001 tenuior,

579 4029 652 4094 Ην
685 4030 748 4094 V,
782 4034 978 4100 verino,
1014 4050 1072 4088 ut
1109 4050 1258 4108 puto.
1400 4036 1452 4105 ⁴)
1504 4051 1738 4092 unctum
1790 4035 2028 4101 Knuturn
2080 4053 2284 4103 regem,
2339 4030 2467 4084 add.
2523 4029 2589 4085 11.

580 4124 628 4191 ⁵)
666 4126 930 4195 odinum,
971 4126 1056 4188 11,-
1094 4128 1130 4182 i.
1169 4151 1213 4184 e·
1252 4128 1495 4183 Othiniae.
