2950 4684
229 416 235 421 ,
366 357 440 423 c,
468 354 611 423 102,
909 328 1274 409 mmm
1325 357 1845 424 summanum.
2201 327 2380 419 316

362 565 500 639 per
549 552 833 616 noctem
888 545 1211 639 proxime
1259 545 1752 637 insequentem
1822 547 2026 613 extra
2087 538 2178 612 ad
2228 538 2376 613 Ho-

286 728 291 734 ,
363 645 651 717 fudoam
700 647 772 715 in
823 647 1108 716 ancoris
1159 646 1522 730 stetisset,
1569 643 1897 737 sequenti
1948 660 2192 728 mane,
2254 642 2376 717 uhi

364 745 741 832 diluxerat,
793 744 1100 817 classem
1156 744 1420 838 oppido
1470 745 1805 816 admovit.
1906 741 2069 833 Qua
2114 743 2206 815 ad
2242 765 2378 837 ,op-

363 848 602 940 pidum
682 847 1148 937 adnavigante
1237 846 1600 939 oppidani,
1696 847 1815 939 qui
1882 841 2158 915 nollent
2223 864 2376 917 rem

363 969 637 1019 sacram
691 947 779 1019 ab
832 947 1060 1019 Danis
1114 945 1418 1033 auferri,
1486 947 1576 1017 ad
1639 946 1971 1016 scrinium
2036 965 2374 1017 accesse-

360 1056 547 1132 runt,
599 1048 793 1141 quod
844 1057 989 1119 tum
1043 1048 1327 1141 quidem
1381 1057 1568 1118 tanta
1600 1044 1888 1117 levitate
1925 1038 2023 1115 'se
2057 1045 2376 1138 praebuit,

360 1156 443 1221 ut
508 1170 550 1218 a
616 1169 757 1219 sex
809 1151 980 1221 viris
1032 1170 1128 1220 ex
1179 1148 1441 1240 oppido
1494 1151 1565 1217 in
1616 1144 2093 1218 Romarikiam
2143 1168 2376 1240 usque

358 1258 795 1342 portaretur3
873 1270 1015 1342 quo
1098 1248 1265 1320 loeo
1328 1252 1664 1328 scrinium
1732 1249 1956 1319 sancti
2034 1244 2376 1321 Halvardi

358 1357 514 1420 tres
562 1348 730 1420 inde
783 1370 1074 1421 menses
1111 1347 1325 1420 Forsi
1375 1356 1736 1421 servatum
1793 1359 1925 1418 est.
2026 1345 2195 1417 Rex
2249 1368 2374 1441 op·

359 1449 598 1541 pidum
670 1446 927 1520 Osloae
1008 1459 1083 1522 et
1152 1450 1383 1521 aedem
1448 1448 1812 1520 Halvardo
1886 1468 2159 1521 sacram
2224 1449 2368 1539 igni

356 1547 720 1620 absumsit.
835 1548 1117 1622 Interea
1166 1548 1678 1643 TbjostolvuS,
1744 1550 1971 1642 copiis
2037 1547 2128 1621 ad
2190 1550 2371 1619 resi-

359 1650 689 1721 stendum
746 1650 1115 1739 collectis,
1182 1650 1436 1745 proelio
1489 1650 1770 1723 hostem
1820 1649 2122 1740 adgredi
2172 1669 2373 1742 para-

357 1748 515 1838 bat3
586 1760 740 1823 erat
809 1756 993 1823 enim
1061 1756 1392 1840 omnium,
1433 1774 1524 1824 eo
1593 1761 1919 1846 tempore
1981 1748 2371 1842 Norvegiae

357 1851 861 1944 praefectorum
931 1857 1308 1949 princeps,
1375 1874 1599 1946 reges
1669 1874 1846 1926 vero
1916 1861 2053 1922 tam
2122 1860 2375 1922 tenera

358 1963 562 2022 eraut
612 1962 864 2040 aetate,
914 1966 994 2026 ut
1041 1953 1511 2047 Thjostolvus
1563 1974 1812 2045 regem
1864 1951 2134 2043 lugiunt
2186 1953 2374 2021 inter

357 2050 696 2144 pugnam¹
749 2054 819 2122 in
871 2059 1034 2126 sinu
1085 2063 1424 2146 gestaret.
1498 2053 1685 2123 Dani
1739 2061 1974 2129 autem
2008 2049 2371 2144 extemplo

354 2152 444 2222 ad
503 2173 723 2225 naves
772 2175 858 2224 se
910 2168 1365 2248 receperunt,
1416 2153 1725 2225 classem
1757 2150 2133 2225 solverunt
2176 2160 2251 2223 et
2301 2154 2371 2221 in

351 2250 652 2324 Daniam
685 2265 1183 2342 recesset-unu
1239 2265 1313 2325 et
1362 2254 1676 2348 vulgaris
1726 2275 1968 2326 sermo
2006 2261 2141 2338 est,
2194 2275 2367 2324 nun-

355 2375 560 2447 quam
615 2353 826 2427 ullam
884 2356 1413 2450 expeditionem
1475 2358 1725 2427 minori
1794 2377 1956 2427 cum
2016 2374 2370 2427 successu

352 2455 424 2522 in
474 2454 772 2527 alterius
825 2460 1025 2548 regis
1087 2459 1492 2549 provincias
1559 2459 1711 2549 pari
1782 2476 2077 2526 numero
2130 2456 2367 2548 copia·

351 2575 504 2626 rum
555 2555 809 2627 factam
863 2578 1085 2628 esses
1161 2557 1324 2628 Rex
1375 2557 1703 2642 Eirikus,
1782 2559 1898 2651 qui
1959 2553 2142 2626 falsa
2196 2575 2368 2626 esse

353 2657 994 2743 animadvertisset,
1048 2681 1204 2753 quae
1258 2680 1301 2727 a
1350 2679 1532 2749 rege
1574 2657 1848 2749 Magno
1892 2660 2151 2749 jactata
2209 2655 2412 2747 suc-⁴

351 2766 531 2844 rant,
583 2779 879 2849 regnum
927 2758 1320 2851 Norvegiae
1376 2761 1533 2829 sine
1588 2756 1737 2828 ullo
1793 2760 2086 2848 negotio
2139 2777 2364 2848 posse

352 2862 723 2951 occupari,
790 2880 1027 2953 neque
1078 2860 1432 2931 adversus
1484 2881 1570 2930 se
1622 2879 2041 2953 quemquam
2094 2855 2364 2940 hastam

282 3033 293 3043 ,
352 2960 767 3044 missurum,
840 2981 926 3029 se
991 2982 1339 3054 nunquam
1412 2981 1573 3031 eum
1643 2959 1899 3030 eodem
1965 2979 2107 3053 quo
2160 2967 2366 3029 antea

349 3061 674 3130 amicitiae
727 3058 895 3130 loco
945 3059 1338 3133 habiturum
1385 3060 1825 3152 significavit.
1925 3058 2194 3130 Verum
2223 3080 2363 3131 sae-

348 3161 514 3230 vitia
567 3169 642 3229 et
703 3163 1111 3254 impotentia
1179 3166 1379 3255 regis
1434 3162 1659 3232 Eiriki
1715 3182 1806 3232 eo
1859 3161 2145 3232 tandem
2198 3182 2364 3254 pro·
2468 3177 2475 3181 ·

347 3261 595 3344 cessit,
649 3270 727 3332 ut
777 3262 1201 3355 proceribus
1246 3267 1369 3335 vix
1406 3263 1753 3335 ferendus
1783 3262 2178 3348 videretur3
2235 3282 2360 3329 ne-

346 3381 488 3453 que
540 3370 771 3432 tamen
822 3366 934 3449 iis,
988 3387 1148 3458 quae
1200 3364 1351 3435 fieri
1395 3367 1766 3457 jussisset,
1819 3372 2062 3433 contra
2110 3361 2357 3431 dicere

343 3481 566 3533 ausus
619 3466 984 3558 quisquam
1040 3474 1189 3550 est3
1242 3488 1424 3551 nam,
1475 3467 1687 3558 siqui
1723 3477 1993 3548 essent,
2049 3464 2167 3555 qui
2218 3482 2362 3532 non

345 3565 676 3634 continuo
716 3586 875 3658 quae
929 3563 1085 3635 fieri
1139 3563 1361 3637 vellet
1409 3567 1725 3636 adsensu
1777 3584 1913 3634 suo
1951 3562 2360 3656 probarent,

343 3660 460 3732 his
510 3662 756 3735 ultima
811 3686 1112 3760 quaeque
1145 3666 1563 3738 denuntiare
1616 3664 1887 3756 solitus,
1932 3674 2063 3736 est.
2144 3661 2358 3735 Multi

340 3771 581 3834 autem
634 3767 892 3837 civium
946 3786 1147 3859 aegre
1199 3766 1549 3853 serebant,
1600 3765 1791 3861 quod
1828 3765 2359 3860 expeditionem

339 3866 411 3935 in
464 3863 905 3958 Norvegiam
958 3867 1340 3953 fecissent,
1409 3867 1605 3938 nullo
1669 3868 1835 3937 inde
1900 3866 2176 3938 honore
2241 3884 2358 3934 re·

340 3975 662 4055 portat03
717 3968 1129 4061 complures
1182 3972 1364 4040 euim
1401 3971 1596 4040 inviti
1634 3988 1787 4038 eam
1826 3967 2354 4058 expeditionem

408 4100 460 4171 ¹)
495 4105 638 4157 02'in
676 4106 863 4177 proelio
901 4108 967 4160 ad
991 4107 1268 4182 Myrminm
1308 4121 1451 4162 antea
1492 4108 1674 4163 eodem
1719 4127 1856 4162 anno
1894 4109 2044 4172 sacto,
2082 4105 2191 4159 Sci·-
2231 4082 2349 4161 bist.

337 4196 422 4250 1⁸1.
461 4195 577 4249 voi.
616 4194 669 4263 7,
706 4197 831 4252 205.

2737 4570 2941 4664 xj
