<?xml version="1.0" encoding="UTF-8"?>
<!DOCTYPE html PUBLIC "-//W3C//DTD XHTML 1.0 Transitional//EN"
    "http://www.w3.org/TR/xhtml1/DTD/xhtml1-transitional.dtd">
<html xmlns="http://www.w3.org/1999/xhtml" xml:lang="en" lang="en">
 <head>
  <title>
</title>
<meta http-equiv="Content-Type" content="text/html;charset=utf-8" />
  <meta name='ocr-system' content='tesseract 3.04.00' />
  <meta name='ocr-capabilities' content='ocr_page ocr_carea ocr_par ocr_line ocrx_word'/>
</head>
<body>
  <div class='ocr_page' id='page_1' title='image "./scriptahistoric02dengoog_0076.png"; bbox 0 0 2950 4684; ppageno 0'>
   <div class='ocr_carea' id='block_1_1' title="bbox 577 297 2584 384">
    <p class='ocr_par' dir='ltr' id='par_1_1' title="bbox 577 297 2584 384">
     <span class='ocr_line' id='line_1_1' title="bbox 577 297 2584 384; baseline 0.001 -17"><span class='ocrx_word' id='word_1_1' title='bbox 577 297 697 384; x_wconf 60' lang='lat' dir='ltr'>Q</span> <span class='ocrx_word' id='word_1_2' title='bbox 1086 322 1183 370; x_wconf 72' lang='lat' dir='ltr'><strong>ne</strong></span> <span class='ocrx_word' id='word_1_3' title='bbox 1212 321 1530 370; x_wconf 63' lang='lat' dir='ltr'><strong>&#39;etna-ris</strong></span> <span class='ocrx_word' id='word_1_4' title='bbox 1574 318 2051 369; x_wconf 70' lang='lat' dir='ltr'><strong>sumemus.</strong></span> <span class='ocrx_word' id='word_1_5' title='bbox 2380 316 2453 379; x_wconf 83' lang='lat' dir='ltr'><strong>o.</strong></span> <span class='ocrx_word' id='word_1_6' title='bbox 2481 315 2584 377; x_wconf 82' lang='lat'><strong>22.</strong></span> 
     </span>
    </p>
   </div>
   <div class='ocr_carea' id='block_1_2' title="bbox 577 502 2612 1605">
    <p class='ocr_par' dir='ltr' id='par_1_2' title="bbox 577 502 2612 1605">
     <span class='ocr_line' id='line_1_2' title="bbox 580 502 2590 600; baseline -0.004 -21"><span class='ocrx_word' id='word_1_7' title='bbox 580 505 1057 600; x_wconf 72' lang='lat' dir='ltr'><strong>progreditur,</strong></span> <span class='ocrx_word' id='word_1_8' title='bbox 1104 504 1199 576; x_wconf 85' lang='lat' dir='ltr'><strong>ad</strong></span> <span class='ocrx_word' id='word_1_9' title='bbox 1253 524 1819 600; x_wconf 77' lang='lat' dir='ltr'><strong>unumquemque</strong></span> <span class='ocrx_word' id='word_1_10' title='bbox 1872 502 2238 575; x_wconf 86' lang='lat' dir='ltr'><strong>accedens</strong></span> <span class='ocrx_word' id='word_1_11' title='bbox 2263 504 2590 594; x_wconf 77' lang='lat' dir='ltr'><strong>sagittam</strong></span> 
     </span>
     <span class='ocr_line' id='line_1_3' title="bbox 581 602 2596 701; baseline -0.003 -23"><span class='ocrx_word' id='word_1_12' title='bbox 581 606 914 693; x_wconf 77' lang='lat' dir='ltr'><strong>ostendit,</strong></span> <span class='ocrx_word' id='word_1_13' title='bbox 929 626 1264 701; x_wconf 66' lang='lat' dir='ltr'><strong>nequese</strong></span> <span class='ocrx_word' id='word_1_14' title='bbox 1282 609 1651 701; x_wconf 79' lang='lat' dir='ltr'><strong>quisquam</strong></span> <span class='ocrx_word' id='word_1_15' title='bbox 1679 623 2191 699; x_wconf 77' lang='lat' dir='ltr'><strong>possessorem</strong></span> <span class='ocrx_word' id='word_1_16' title='bbox 2211 602 2596 698; x_wconf 83' lang='lat' dir='ltr'><strong>professus</strong></span> 
     </span>
     <span class='ocr_line' id='line_1_4' title="bbox 583 701 2594 801; baseline -0.003 -23"><span class='ocrx_word' id='word_1_17' title='bbox 583 717 716 778; x_wconf 84' lang='lat' dir='ltr'><strong>est.</strong></span> <span class='ocrx_word' id='word_1_18' title='bbox 765 704 1111 794; x_wconf 80' lang='lat' dir='ltr'><strong>Tandem,</strong></span> <span class='ocrx_word' id='word_1_19' title='bbox 1140 716 1545 779; x_wconf 76' lang='lat' dir='ltr'><strong>extrorsum</strong></span> <span class='ocrx_word' id='word_1_20' title='bbox 1575 727 1710 801; x_wconf 84' lang='lat' dir='ltr'><strong>per</strong></span> <span class='ocrx_word' id='word_1_21' title='bbox 1735 703 1964 776; x_wconf 84' lang='lat' dir='ltr'><strong>aulam</strong></span> <span class='ocrx_word' id='word_1_22' title='bbox 1986 704 2378 775; x_wconf 80' lang='lat' dir='ltr'><strong>secundum</strong></span> <span class='ocrx_word' id='word_1_23' title='bbox 2398 701 2594 774; x_wconf 79' lang='lat' dir='ltr'><strong>sedi-</strong></span> 
     </span>
     <span class='ocr_line' id='line_1_5' title="bbox 584 802 2593 900; baseline -0.002 -23"><span class='ocrx_word' id='word_1_24' title='bbox 584 805 681 877; x_wconf 79' lang='lat' dir='ltr'><strong>lia</strong></span> <span class='ocrx_word' id='word_1_25' title='bbox 728 806 1151 900; x_wconf 76' lang='lat' dir='ltr'><strong>ignobiliora</strong></span> <span class='ocrx_word' id='word_1_26' title='bbox 1206 827 1682 900; x_wconf 82' lang='lat' dir='ltr'><strong>progressus,</strong></span> <span class='ocrx_word' id='word_1_27' title='bbox 1745 827 1903 877; x_wconf 89' lang='lat' dir='ltr'><strong>cum</strong></span> <span class='ocrx_word' id='word_1_28' title='bbox 1953 805 2046 875; x_wconf 83' lang='lat' dir='ltr'><strong>ad</strong></span> <span class='ocrx_word' id='word_1_29' title='bbox 2098 802 2593 876; x_wconf 85' lang='lat' dir='ltr'><strong>Paluatokium</strong></span> 
     </span>
     <span class='ocr_line' id='line_1_6' title="bbox 579 901 2593 1000; baseline -0.003 -22"><span class='ocrx_word' id='word_1_30' title='bbox 579 909 927 994; x_wconf 82' lang='lat' dir='ltr'><strong>venisset,</strong></span> <span class='ocrx_word' id='word_1_31' title='bbox 977 912 1393 998; x_wconf 78' lang='lat' dir='ltr'><strong>interrogat,</strong></span> <span class='ocrx_word' id='word_1_32' title='bbox 1444 929 1535 978; x_wconf 90' lang='lat' dir='ltr'><strong>an</strong></span> <span class='ocrx_word' id='word_1_33' title='bbox 1586 910 1912 1000; x_wconf 72' lang='lat' dir='ltr'><strong>sagittam</strong></span> <span class='ocrx_word' id='word_1_34' title='bbox 1944 915 2356 997; x_wconf 87' lang='lat' dir='ltr'><strong>cognoscat.</strong></span> <span class='ocrx_word' id='word_1_35' title='bbox 2457 901 2593 973; x_wconf 85' lang='lat' dir='ltr'><strong>Cui</strong></span> 
     </span>
     <span class='ocr_line' id='line_1_7' title="bbox 577 1004 2612 1103; baseline -0.002 -26"><span class='ocrx_word' id='word_1_36' title='bbox 577 1004 1081 1081; x_wconf 85' lang='lat' dir='ltr'><strong>Palnatokius:</strong></span> <span class='ocrx_word' id='word_1_37' title='bbox 1132 1007 1375 1103; x_wconf 83' lang='lat' dir='ltr'><strong>quidni</strong></span> <span class='ocrx_word' id='word_1_38' title='bbox 1419 1006 1641 1079; x_wconf 89' lang='lat' dir='ltr'><strong>telum</strong></span> <span class='ocrx_word' id='word_1_39' title='bbox 1669 1028 1898 1078; x_wconf 84' lang='lat' dir='ltr'><strong>meum</strong></span> <span class='ocrx_word' id='word_1_40' title='bbox 1929 1005 2363 1098; x_wconf 70' lang='lat' dir='ltr'><strong>agnoscam?</strong></span> <span class='ocrx_word' id='word_1_41' title='bbox 2404 1004 2612 1074; x_wconf 87' lang='lat' dir='ltr'><strong>cedo·</strong></span> 
     </span>
     <span class='ocr_line' id='line_1_8' title="bbox 580 1102 2593 1204; baseline -0.003 -25"><span class='ocrx_word' id='word_1_42' title='bbox 580 1107 767 1195; x_wconf 85' lang='lat' dir='ltr'><strong>mibi,</strong></span> <span class='ocrx_word' id='word_1_43' title='bbox 818 1111 1078 1204; x_wconf 87' lang='lat' dir='ltr'><strong>inquit,</strong></span> <span class='ocrx_word' id='word_1_44' title='bbox 1158 1129 1389 1179; x_wconf 84' lang='lat' dir='ltr'><strong>meum</strong></span> <span class='ocrx_word' id='word_1_45' title='bbox 1442 1110 1629 1178; x_wconf 87' lang='lat' dir='ltr'><strong>enim</strong></span> <span class='ocrx_word' id='word_1_46' title='bbox 1682 1116 1817 1180; x_wconf 83' lang='lat' dir='ltr'><strong>est.</strong></span> <span class='ocrx_word' id='word_1_47' title='bbox 1940 1105 2327 1200; x_wconf 80' lang='lat' dir='ltr'><strong>Extemplo</strong></span> <span class='ocrx_word' id='word_1_48' title='bbox 2378 1102 2593 1176; x_wconf 88' lang='lat' dir='ltr'><strong>altum</strong></span> 
     </span>
     <span class='ocr_line' id='line_1_9' title="bbox 579 1203 2594 1294; baseline -0.003 -15"><span class='ocrx_word' id='word_1_49' title='bbox 579 1211 651 1279; x_wconf 91' lang='lat' dir='ltr'><strong>in</strong></span> <span class='ocrx_word' id='word_1_50' title='bbox 702 1207 862 1280; x_wconf 88' lang='lat' dir='ltr'><strong>aula</strong></span> <span class='ocrx_word' id='word_1_51' title='bbox 907 1207 1286 1294; x_wconf 84' lang='lat' dir='ltr'><strong>silentium,</strong></span> <span class='ocrx_word' id='word_1_52' title='bbox 1336 1207 1743 1280; x_wconf 84' lang='lat' dir='ltr'><strong>bominibus</strong></span> <span class='ocrx_word' id='word_1_53' title='bbox 1783 1227 2000 1279; x_wconf 87' lang='lat' dir='ltr'><strong>aures</strong></span> <span class='ocrx_word' id='word_1_54' title='bbox 2029 1203 2594 1288; x_wconf 70' lang='lat' dir='ltr'><strong>advertentibuS,</strong></span> 
     </span>
     <span class='ocr_line' id='line_1_10' title="bbox 578 1304 2592 1403; baseline -0.005 -20"><span class='ocrx_word' id='word_1_55' title='bbox 578 1307 1003 1403; x_wconf 81' lang='lat' dir='ltr'><strong>simulatque</strong></span> <span class='ocrx_word' id='word_1_56' title='bbox 1052 1311 1385 1381; x_wconf 84' lang='lat' dir='ltr'><strong>inventus</strong></span> <span class='ocrx_word' id='word_1_57' title='bbox 1436 1318 1574 1395; x_wconf 89' lang='lat' dir='ltr'><strong>est,</strong></span> <span class='ocrx_word' id='word_1_58' title='bbox 1629 1312 1753 1403; x_wconf 84' lang='lat' dir='ltr'><strong>qui</strong></span> <span class='ocrx_word' id='word_1_59' title='bbox 1807 1311 2133 1399; x_wconf 74' lang='lat' dir='ltr'><strong>sagittam</strong></span> <span class='ocrx_word' id='word_1_60' title='bbox 2185 1307 2321 1378; x_wconf 90' lang='lat' dir='ltr'><strong>sibi</strong></span> <span class='ocrx_word' id='word_1_61' title='bbox 2368 1304 2592 1377; x_wconf 88' lang='lat' dir='ltr'><strong>vindi-</strong></span> 
     </span>
     <span class='ocr_line' id='line_1_11' title="bbox 580 1404 2594 1501; baseline -0.003 -20"><span class='ocrx_word' id='word_1_62' title='bbox 580 1417 794 1481; x_wconf 81' lang='lat' dir='ltr'><strong>caret.</strong></span> <span class='ocrx_word' id='word_1_63' title='bbox 894 1409 1085 1481; x_wconf 84' lang='lat' dir='ltr'><strong>Mox</strong></span> <span class='ocrx_word' id='word_1_64' title='bbox 1132 1408 1284 1481; x_wconf 72' lang='lat' dir='ltr'><strong>infit</strong></span> <span class='ocrx_word' id='word_1_65' title='bbox 1331 1430 1503 1480; x_wconf 78' lang='lat' dir='ltr'><strong>rex:</strong></span> <span class='ocrx_word' id='word_1_66' title='bbox 1572 1421 1649 1481; x_wconf 72' lang='lat' dir='ltr'><strong>tn</strong></span> <span class='ocrx_word' id='word_1_67' title='bbox 1697 1406 2097 1493; x_wconf 82' lang='lat' dir='ltr'><strong>Palnatoki,</strong></span> <span class='ocrx_word' id='word_1_68' title='bbox 2164 1410 2412 1501; x_wconf 89' lang='lat' dir='ltr'><strong>inquit,</strong></span> <span class='ocrx_word' id='word_1_69' title='bbox 2474 1404 2594 1475; x_wconf 89' lang='lat' dir='ltr'><strong>ubi</strong></span> 
     </span>
     <span class='ocr_line' id='line_1_12' title="bbox 580 1507 2598 1605; baseline -0.002 -24"><span class='ocrx_word' id='word_1_70' title='bbox 580 1508 811 1581; x_wconf 76' lang='lat' dir='ltr'><strong>hocce</strong></span> <span class='ocrx_word' id='word_1_71' title='bbox 841 1509 1061 1583; x_wconf 68' lang='lat' dir='ltr'><strong>telum</strong></span> <span class='ocrx_word' id='word_1_72' title='bbox 1090 1513 1414 1605; x_wconf 72' lang='lat' dir='ltr'><strong>proxime</strong></span> <span class='ocrx_word' id='word_1_73' title='bbox 1448 1509 1848 1604; x_wconf 72' lang='lat' dir='ltr'><strong>reliquisti?</strong></span> <span class='ocrx_word' id='word_1_74' title='bbox 1897 1507 2398 1581; x_wconf 72' lang='lat' dir='ltr'><strong>Palaetokius:</strong></span> <span class='ocrx_word' id='word_1_75' title='bbox 2453 1508 2598 1578; x_wconf 81' lang='lat' dir='ltr'><strong>tuis</strong></span> 
     </span>
    </p>
   </div>
   <div class='ocr_carea' id='block_1_3' title="bbox 428 1609 2594 1703">
    <p class='ocr_par' dir='ltr' id='par_1_3' title="bbox 428 1609 2594 1703">
     <span class='ocr_line' id='line_1_13' title="bbox 428 1609 2594 1703; baseline -0.003 -21"><span class='ocrx_word' id='word_1_76' title='bbox 428 1672 459 1698; x_wconf 48' lang='lat' dir='ltr'><em>s</em></span> <span class='ocrx_word' id='word_1_77' title='bbox 581 1630 724 1702; x_wconf 81' lang='lat' dir='ltr'><strong>ego</strong></span> <span class='ocrx_word' id='word_1_78' title='bbox 778 1611 1025 1697; x_wconf 83' lang='lat' dir='ltr'><strong>dictis,</strong></span> <span class='ocrx_word' id='word_1_79' title='bbox 1090 1609 1414 1696; x_wconf 85' lang='lat' dir='ltr'><strong>alumne,</strong></span> <span class='ocrx_word' id='word_1_80' title='bbox 1481 1631 1683 1703; x_wconf 79' lang='lat' dir='ltr'><strong>saepe</strong></span> <span class='ocrx_word' id='word_1_81' title='bbox 1746 1631 1902 1685; x_wconf 85' lang='lat' dir='ltr'><strong>sum</strong></span> <span class='ocrx_word' id='word_1_82' title='bbox 1955 1609 2387 1693; x_wconf 80' lang='lat' dir='ltr'><strong>obsecutus,</strong></span> <span class='ocrx_word' id='word_1_83' title='bbox 2455 1628 2594 1700; x_wconf 86' lang='lat' dir='ltr'><strong>qua</strong></span> 
     </span>
    </p>
   </div>
   <div class='ocr_carea' id='block_1_4' title="bbox 566 1705 2692 3713">
    <p class='ocr_par' dir='ltr' id='par_1_4' title="bbox 566 1705 2692 3713">
     <span class='ocr_line' id='line_1_14' title="bbox 577 1705 2592 1796; baseline -0.002 -15"><span class='ocrx_word' id='word_1_84' title='bbox 577 1731 687 1796; x_wconf 86' lang='lat' dir='ltr'><strong>re,</strong></span> <span class='ocrx_word' id='word_1_85' title='bbox 734 1714 799 1783; x_wconf 86' lang='lat' dir='ltr'><strong>si</strong></span> <span class='ocrx_word' id='word_1_86' title='bbox 852 1709 987 1783; x_wconf 76' lang='lat' dir='ltr'><strong>bac</strong></span> <span class='ocrx_word' id='word_1_87' title='bbox 1039 1732 1122 1783; x_wconf 85' lang='lat' dir='ltr'><strong>re</strong></span> <span class='ocrx_word' id='word_1_88' title='bbox 1172 1713 1243 1781; x_wconf 84' lang='lat' dir='ltr'><strong>in</strong></span> <span class='ocrx_word' id='word_1_89' title='bbox 1292 1709 1722 1783; x_wconf 71' lang='lat' dir='ltr'><strong>celebritate</strong></span> <span class='ocrx_word' id='word_1_90' title='bbox 1771 1710 2125 1782; x_wconf 85' lang='lat' dir='ltr'><strong>bominum</strong></span> <span class='ocrx_word' id='word_1_91' title='bbox 2174 1705 2592 1780; x_wconf 87' lang='lat' dir='ltr'><strong>enuntianda</strong></span> 
     </span>
     <span class='ocr_line' id='line_1_15' title="bbox 578 1805 2590 1905; baseline -0.003 -22"><span class='ocrx_word' id='word_1_92' title='bbox 578 1815 831 1903; x_wconf 77' lang='lat' dir='ltr'><strong>augeri</strong></span> <span class='ocrx_word' id='word_1_93' title='bbox 878 1811 1226 1883; x_wconf 79' lang='lat' dir='ltr'><strong>honorem</strong></span> <span class='ocrx_word' id='word_1_94' title='bbox 1279 1822 1470 1883; x_wconf 83' lang='lat' dir='ltr'><strong>tuum</strong></span> <span class='ocrx_word' id='word_1_95' title='bbox 1525 1824 1763 1905; x_wconf 82' lang='lat' dir='ltr'><strong>putas,</strong></span> <span class='ocrx_word' id='word_1_96' title='bbox 1830 1812 1904 1881; x_wconf 85' lang='lat' dir='ltr'><strong>id</strong></span> <span class='ocrx_word' id='word_1_97' title='bbox 1970 1809 2094 1881; x_wconf 84' lang='lat' dir='ltr'><strong>tibi</strong></span> <span class='ocrx_word' id='word_1_98' title='bbox 2147 1809 2368 1881; x_wconf 75' lang='lat' dir='ltr'><strong>dabo:</strong></span> <span class='ocrx_word' id='word_1_99' title='bbox 2422 1805 2590 1878; x_wconf 86' lang='lat' dir='ltr'><strong>reli-</strong></span> 
     </span>
     <span class='ocr_line' id='line_1_16' title="bbox 580 1907 2593 2006; baseline -0.002 -24"><span class='ocrx_word' id='word_1_100' title='bbox 580 1914 699 2006; x_wconf 88' lang='lat' dir='ltr'><strong>qui</strong></span> <span class='ocrx_word' id='word_1_101' title='bbox 750 1912 976 1999; x_wconf 84' lang='lat' dir='ltr'><strong>illam,</strong></span> <span class='ocrx_word' id='word_1_102' title='bbox 1028 1933 1199 1997; x_wconf 81' lang='lat' dir='ltr'><strong>rex,</strong></span> <span class='ocrx_word' id='word_1_103' title='bbox 1272 1917 1343 1985; x_wconf 86' lang='lat' dir='ltr'><strong>in</strong></span> <span class='ocrx_word' id='word_1_104' title='bbox 1395 1933 1625 1983; x_wconf 85' lang='lat' dir='ltr'><strong>nervo</strong></span> <span class='ocrx_word' id='word_1_105' title='bbox 1676 1930 1933 1998; x_wconf 79' lang='lat' dir='ltr'><strong>arcuS,</strong></span> <span class='ocrx_word' id='word_1_106' title='bbox 2000 1914 2243 2004; x_wconf 66' lang='lat' dir='ltr'><strong>inqiut,</strong></span> <span class='ocrx_word' id='word_1_107' title='bbox 2310 1907 2593 2004; x_wconf 87' lang='lat' dir='ltr'><strong>quando</strong></span> 
     </span>
     <span class='ocr_line' id='line_1_17' title="bbox 582 2009 2670 2106; baseline -0.002 -23"><span class='ocrx_word' id='word_1_108' title='bbox 582 2033 737 2084; x_wconf 80' lang='lat' dir='ltr'><strong>eam</strong></span> <span class='ocrx_word' id='word_1_109' title='bbox 791 2017 861 2083; x_wconf 92' lang='lat' dir='ltr'><strong>in</strong></span> <span class='ocrx_word' id='word_1_110' title='bbox 913 2023 1118 2085; x_wconf 82' lang='lat' dir='ltr'><strong>nates</strong></span> <span class='ocrx_word' id='word_1_111' title='bbox 1169 2016 1390 2106; x_wconf 82' lang='lat' dir='ltr'><strong>patris</strong></span> <span class='ocrx_word' id='word_1_112' title='bbox 1440 2016 1543 2084; x_wconf 80' lang='lat' dir='ltr'><strong>tui</strong></span> <span class='ocrx_word' id='word_1_113' title='bbox 1592 2015 1773 2098; x_wconf 88' lang='lat' dir='ltr'><strong>misi,</strong></span> <span class='ocrx_word' id='word_1_114' title='bbox 1825 2022 1900 2083; x_wconf 89' lang='lat' dir='ltr'><strong>et</strong></span> <span class='ocrx_word' id='word_1_115' title='bbox 1929 2034 2059 2106; x_wconf 81' lang='lat' dir='ltr'><strong>per</strong></span> <span class='ocrx_word' id='word_1_116' title='bbox 2085 2009 2590 2103; x_wconf 76' lang='lat' dir='ltr'><strong>longitudinem</strong></span> <span class='ocrx_word' id='word_1_117' title='bbox 2661 2032 2670 2041; x_wconf 93' lang='lat'><strong>·</strong></span> 
     </span>
     <span class='ocr_line' id='line_1_18' title="bbox 582 2110 2593 2208; baseline -0.002 -24"><span class='ocrx_word' id='word_1_118' title='bbox 582 2117 912 2207; x_wconf 82' lang='lat' dir='ltr'><strong>corporis</strong></span> <span class='ocrx_word' id='word_1_119' title='bbox 965 2117 1125 2206; x_wconf 72' lang='lat' dir='ltr'><strong>eJus</strong></span> <span class='ocrx_word' id='word_1_120' title='bbox 1176 2117 1457 2206; x_wconf 71' lang='lat' dir='ltr'><strong>trajeci,</strong></span> <span class='ocrx_word' id='word_1_121' title='bbox 1511 2123 1590 2185; x_wconf 90' lang='lat' dir='ltr'><strong>ut</strong></span> <span class='ocrx_word' id='word_1_122' title='bbox 1640 2134 1774 2208; x_wconf 84' lang='lat' dir='ltr'><strong>per</strong></span> <span class='ocrx_word' id='word_1_123' title='bbox 1823 2134 1911 2185; x_wconf 91' lang='lat' dir='ltr'><strong>os</strong></span> <span class='ocrx_word' id='word_1_124' title='bbox 1974 2110 2317 2185; x_wconf 79' lang='lat' dir='ltr'><strong>evolaret.</strong></span> <span class='ocrx_word' id='word_1_125' title='bbox 2418 2110 2593 2181; x_wconf 85' lang='lat' dir='ltr'><strong>Sur·</strong></span> 
     </span>
     <span class='ocr_line' id='line_1_19' title="bbox 577 2211 2592 2308; baseline -0.001 -24"><span class='ocrx_word' id='word_1_126' title='bbox 577 2217 751 2305; x_wconf 87' lang='lat' dir='ltr'><strong>gite,</strong></span> <span class='ocrx_word' id='word_1_127' title='bbox 804 2234 1078 2298; x_wconf 77' lang='lat' dir='ltr'><strong>omneS,</strong></span> <span class='ocrx_word' id='word_1_128' title='bbox 1130 2216 1353 2308; x_wconf 89' lang='lat' dir='ltr'><strong>inquit</strong></span> <span class='ocrx_word' id='word_1_129' title='bbox 1400 2234 1571 2298; x_wconf 85' lang='lat' dir='ltr'><strong>rex,</strong></span> <span class='ocrx_word' id='word_1_130' title='bbox 1632 2211 2056 2285; x_wconf 85' lang='lat' dir='ltr'><strong>Paluatokio</strong></span> <span class='ocrx_word' id='word_1_131' title='bbox 2108 2234 2195 2284; x_wconf 88' lang='lat' dir='ltr'><strong>ac</strong></span> <span class='ocrx_word' id='word_1_132' title='bbox 2242 2215 2398 2283; x_wconf 85' lang='lat' dir='ltr'><strong>suis</strong></span> <span class='ocrx_word' id='word_1_133' title='bbox 2449 2232 2592 2282; x_wconf 84' lang='lat' dir='ltr'><strong>ma-</strong></span> 
     </span>
     <span class='ocr_line' id='line_1_20' title="bbox 581 2311 2589 2406; baseline 0 -25"><span class='ocrx_word' id='word_1_134' title='bbox 581 2334 716 2385; x_wconf 90' lang='lat' dir='ltr'><strong>nus</strong></span> <span class='ocrx_word' id='word_1_135' title='bbox 765 2316 1067 2406; x_wconf 86' lang='lat' dir='ltr'><strong>injicite,</strong></span> <span class='ocrx_word' id='word_1_136' title='bbox 1141 2327 1215 2385; x_wconf 89' lang='lat' dir='ltr'><strong>et</strong></span> <span class='ocrx_word' id='word_1_137' title='bbox 1261 2315 1354 2385; x_wconf 90' lang='lat' dir='ltr'><strong>ad</strong></span> <span class='ocrx_word' id='word_1_138' title='bbox 1421 2334 1636 2385; x_wconf 75' lang='lat' dir='ltr'><strong>unum</strong></span> <span class='ocrx_word' id='word_1_139' title='bbox 1687 2311 2099 2401; x_wconf 82' lang='lat' dir='ltr'><strong>interficite3</strong></span> <span class='ocrx_word' id='word_1_140' title='bbox 2166 2335 2354 2384; x_wconf 86' lang='lat' dir='ltr'><strong>nunc</strong></span> <span class='ocrx_word' id='word_1_141' title='bbox 2408 2316 2589 2383; x_wconf 86' lang='lat' dir='ltr'><strong>enim</strong></span> 
     </span>
     <span class='ocr_line' id='line_1_21' title="bbox 578 2410 2591 2499; baseline -0.001 -15"><span class='ocrx_word' id='word_1_142' title='bbox 578 2417 807 2485; x_wconf 87' lang='lat' dir='ltr'><strong>omnis</strong></span> <span class='ocrx_word' id='word_1_143' title='bbox 854 2415 1040 2487; x_wconf 90' lang='lat' dir='ltr'><strong>inter</strong></span> <span class='ocrx_word' id='word_1_144' title='bbox 1088 2433 1205 2485; x_wconf 86' lang='lat' dir='ltr'><strong>me</strong></span> <span class='ocrx_word' id='word_1_145' title='bbox 1254 2436 1340 2486; x_wconf 88' lang='lat' dir='ltr'><strong>ac</strong></span> <span class='ocrx_word' id='word_1_146' title='bbox 1388 2410 1883 2499; x_wconf 83' lang='lat' dir='ltr'><strong>Palnatokium</strong></span> <span class='ocrx_word' id='word_1_147' title='bbox 1934 2416 2232 2486; x_wconf 86' lang='lat' dir='ltr'><strong>amicitia</strong></span> <span class='ocrx_word' id='word_1_148' title='bbox 2300 2423 2375 2484; x_wconf 89' lang='lat' dir='ltr'><strong>et</strong></span> <span class='ocrx_word' id='word_1_149' title='bbox 2424 2412 2591 2485; x_wconf 89' lang='lat' dir='ltr'><strong>olim</strong></span> 
     </span>
     <span class='ocr_line' id='line_1_22' title="bbox 582 2513 2592 2606; baseline 0.001 -24"><span class='ocrx_word' id='word_1_150' title='bbox 582 2513 1043 2585; x_wconf 81' lang='lat' dir='ltr'><strong>intercedens</strong></span> <span class='ocrx_word' id='word_1_151' title='bbox 1080 2513 1517 2587; x_wconf 72' lang='lat' dir='ltr'><strong>familiaritas</strong></span> <span class='ocrx_word' id='word_1_152' title='bbox 1544 2514 1822 2606; x_wconf 85' lang='lat' dir='ltr'><strong>abjecta</strong></span> <span class='ocrx_word' id='word_1_153' title='bbox 1854 2523 1986 2586; x_wconf 87' lang='lat' dir='ltr'><strong>est.</strong></span> <span class='ocrx_word' id='word_1_154' title='bbox 2035 2514 2223 2588; x_wconf 80' lang='lat' dir='ltr'><strong>Mox</strong></span> <span class='ocrx_word' id='word_1_155' title='bbox 2250 2516 2592 2601; x_wconf 85' lang='lat' dir='ltr'><strong>universi,</strong></span> 
     </span>
     <span class='ocr_line' id='line_1_23' title="bbox 579 2613 2591 2707; baseline 0 -22"><span class='ocrx_word' id='word_1_156' title='bbox 579 2616 698 2706; x_wconf 86' lang='lat' dir='ltr'><strong>qui</strong></span> <span class='ocrx_word' id='word_1_157' title='bbox 738 2617 920 2686; x_wconf 89' lang='lat' dir='ltr'><strong>intra</strong></span> <span class='ocrx_word' id='word_1_158' title='bbox 959 2613 1189 2687; x_wconf 88' lang='lat' dir='ltr'><strong>aulam</strong></span> <span class='ocrx_word' id='word_1_159' title='bbox 1221 2626 1444 2701; x_wconf 84' lang='lat' dir='ltr'><strong>erant,</strong></span> <span class='ocrx_word' id='word_1_160' title='bbox 1498 2614 1871 2703; x_wconf 79' lang='lat' dir='ltr'><strong>exsiliunt3</strong></span> <span class='ocrx_word' id='word_1_161' title='bbox 1924 2613 1999 2686; x_wconf 85' lang='lat' dir='ltr'><strong>fit</strong></span> <span class='ocrx_word' id='word_1_162' title='bbox 2045 2618 2303 2707; x_wconf 78' lang='lat' dir='ltr'><strong>ingens</strong></span> <span class='ocrx_word' id='word_1_163' title='bbox 2331 2617 2591 2707; x_wconf 76' lang='lat' dir='ltr'><strong>strepi-</strong></span> 
     </span>
     <span class='ocr_line' id='line_1_24' title="bbox 578 2714 2590 2811; baseline -0 -24"><span class='ocrx_word' id='word_1_164' title='bbox 578 2723 714 2787; x_wconf 81' lang='lat' dir='ltr'><strong>tus.</strong></span> <span class='ocrx_word' id='word_1_165' title='bbox 814 2714 1312 2804; x_wconf 82' lang='lat' dir='ltr'><strong>Paluatokius,</strong></span> <span class='ocrx_word' id='word_1_166' title='bbox 1386 2720 1508 2811; x_wconf 83' lang='lat' dir='ltr'><strong>qui</strong></span> <span class='ocrx_word' id='word_1_167' title='bbox 1572 2714 2014 2789; x_wconf 87' lang='lat' dir='ltr'><strong>commodum</strong></span> <span class='ocrx_word' id='word_1_168' title='bbox 2083 2714 2430 2809; x_wconf 72' lang='lat' dir='ltr'><strong>gladium·</strong></span> <span class='ocrx_word' id='word_1_169' title='bbox 2464 2715 2590 2786; x_wconf 88' lang='lat' dir='ltr'><strong>de·</strong></span> 
     </span>
     <span class='ocr_line' id='line_1_25' title="bbox 578 2815 2590 2912; baseline 0 -26"><span class='ocrx_word' id='word_1_170' title='bbox 578 2819 1001 2904; x_wconf 75' lang='lat' dir='ltr'><strong>strinxerat,</strong></span> <span class='ocrx_word' id='word_1_171' title='bbox 1052 2815 1227 2889; x_wconf 85' lang='lat' dir='ltr'><strong>nihil</strong></span> <span class='ocrx_word' id='word_1_172' title='bbox 1274 2816 1415 2890; x_wconf 89' lang='lat' dir='ltr'><strong>sibi</strong></span> <span class='ocrx_word' id='word_1_173' title='bbox 1481 2820 1681 2912; x_wconf 84' lang='lat' dir='ltr'><strong>prius</strong></span> <span class='ocrx_word' id='word_1_174' title='bbox 1732 2817 2084 2908; x_wconf 73' lang='lat' dir='ltr'><strong>agendum</strong></span> <span class='ocrx_word' id='word_1_175' title='bbox 2137 2818 2590 2902; x_wconf 84' lang='lat' dir='ltr'><strong>existimavit,</strong></span> 
     </span>
     <span class='ocr_line' id='line_1_26' title="bbox 579 2915 2591 3010; baseline 0 -21"><span class='ocrx_word' id='word_1_176' title='bbox 579 2937 785 3008; x_wconf 75' lang='lat' dir='ltr'><strong>quam</strong></span> <span class='ocrx_word' id='word_1_177' title='bbox 835 2926 916 2988; x_wconf 88' lang='lat' dir='ltr'><strong>ut</strong></span> <span class='ocrx_word' id='word_1_178' title='bbox 943 2915 1353 3010; x_wconf 87' lang='lat' dir='ltr'><strong>Fjolnerem</strong></span> <span class='ocrx_word' id='word_1_179' title='bbox 1406 2926 1783 3009; x_wconf 82' lang='lat' dir='ltr'><strong>cognatum</strong></span> <span class='ocrx_word' id='word_1_180' title='bbox 1832 2939 2040 2988; x_wconf 80' lang='lat' dir='ltr'><strong>suam</strong></span> <span class='ocrx_word' id='word_1_181' title='bbox 2092 2915 2292 2988; x_wconf 88' lang='lat' dir='ltr'><strong>ferro</strong></span> <span class='ocrx_word' id='word_1_182' title='bbox 2343 2916 2591 2989; x_wconf 81' lang='lat' dir='ltr'><strong>bume-</strong></span> 
     </span>
     <span class='ocr_line' id='line_1_27' title="bbox 584 3014 2592 3090; baseline 0 0"><span class='ocrx_word' id='word_1_183' title='bbox 584 3035 820 3090; x_wconf 77' lang='lat' dir='ltr'><strong>rorum</strong></span> <span class='ocrx_word' id='word_1_184' title='bbox 872 3025 1087 3089; x_wconf 88' lang='lat' dir='ltr'><strong>tenus</strong></span> <span class='ocrx_word' id='word_1_185' title='bbox 1151 3017 1788 3090; x_wconf 57' lang='lat' dir='ltr'><strong>transverberaret.</strong></span> <span class='ocrx_word' id='word_1_186' title='bbox 1889 3014 2031 3088; x_wconf 86' lang='lat' dir='ltr'><strong>Tot</strong></span> <span class='ocrx_word' id='word_1_187' title='bbox 2092 3037 2271 3089; x_wconf 82' lang='lat' dir='ltr'><strong>vero</strong></span> <span class='ocrx_word' id='word_1_188' title='bbox 2322 3022 2592 3090; x_wconf 80' lang='lat' dir='ltr'><strong>amicos</strong></span> 
     </span>
     <span class='ocr_line' id='line_1_28' title="bbox 578 3113 2589 3203; baseline 0.003 -19"><span class='ocrx_word' id='word_1_189' title='bbox 578 3115 651 3186; x_wconf 87' lang='lat' dir='ltr'><strong>in</strong></span> <span class='ocrx_word' id='word_1_190' title='bbox 699 3113 949 3189; x_wconf 80' lang='lat' dir='ltr'><strong>aulicis</strong></span> <span class='ocrx_word' id='word_1_191' title='bbox 1000 3115 1244 3188; x_wconf 88' lang='lat' dir='ltr'><strong>habuit</strong></span> <span class='ocrx_word' id='word_1_192' title='bbox 1268 3115 1761 3203; x_wconf 86' lang='lat' dir='ltr'><strong>Paluatokius,</strong></span> <span class='ocrx_word' id='word_1_193' title='bbox 1810 3127 1890 3189; x_wconf 90' lang='lat' dir='ltr'><strong>ut</strong></span> <span class='ocrx_word' id='word_1_194' title='bbox 1940 3120 2009 3188; x_wconf 89' lang='lat' dir='ltr'><strong>ei</strong></span> <span class='ocrx_word' id='word_1_195' title='bbox 2060 3138 2274 3189; x_wconf 74' lang='lat' dir='ltr'><strong>nemo</strong></span> <span class='ocrx_word' id='word_1_196' title='bbox 2321 3117 2589 3190; x_wconf 86' lang='lat' dir='ltr'><strong>ferrum</strong></span> 
     </span>
     <span class='ocr_line' id='line_1_29' title="bbox 581 3216 2591 3312; baseline 0.002 -28"><span class='ocrx_word' id='word_1_197' title='bbox 581 3216 930 3289; x_wconf 84' lang='lat' dir='ltr'><strong>intentare</strong></span> <span class='ocrx_word' id='word_1_198' title='bbox 961 3216 1216 3306; x_wconf 81' lang='lat' dir='ltr'><strong>vellet3</strong></span> <span class='ocrx_word' id='word_1_199' title='bbox 1269 3221 1509 3312; x_wconf 83' lang='lat' dir='ltr'><strong>itaque</strong></span> <span class='ocrx_word' id='word_1_200' title='bbox 1563 3239 1814 3291; x_wconf 88' lang='lat' dir='ltr'><strong>omnes</strong></span> <span class='ocrx_word' id='word_1_201' title='bbox 1866 3238 1962 3289; x_wconf 85' lang='lat' dir='ltr'><strong>ex</strong></span> <span class='ocrx_word' id='word_1_202' title='bbox 1992 3218 2155 3291; x_wconf 85' lang='lat' dir='ltr'><strong>aula</strong></span> <span class='ocrx_word' id='word_1_203' title='bbox 2186 3231 2591 3308; x_wconf 87' lang='lat' dir='ltr'><strong>evaserunt,</strong></span> 
     </span>
     <span class='ocr_line' id='line_1_30' title="bbox 582 3315 2589 3412; baseline 0.002 -26"><span class='ocrx_word' id='word_1_204' title='bbox 582 3335 723 3387; x_wconf 89' lang='lat' dir='ltr'><strong>uno</strong></span> <span class='ocrx_word' id='word_1_205' title='bbox 777 3327 1088 3412; x_wconf 85' lang='lat' dir='ltr'><strong>excepto</strong></span> <span class='ocrx_word' id='word_1_206' title='bbox 1142 3315 1425 3391; x_wconf 84' lang='lat' dir='ltr'><strong>bomine</strong></span> <span class='ocrx_word' id='word_1_207' title='bbox 1475 3316 1816 3391; x_wconf 82' lang='lat' dir='ltr'><strong>Britanno</strong></span> <span class='ocrx_word' id='word_1_208' title='bbox 1867 3319 1962 3391; x_wconf 90' lang='lat' dir='ltr'><strong>de</strong></span> <span class='ocrx_word' id='word_1_209' title='bbox 2013 3318 2347 3392; x_wconf 83' lang='lat' dir='ltr'><strong>militibus</strong></span> <span class='ocrx_word' id='word_1_210' title='bbox 2381 3318 2589 3412; x_wconf 85' lang='lat' dir='ltr'><strong>Bjor-</strong></span> 
     </span>
     <span class='ocr_line' id='line_1_31' title="bbox 566 3416 2692 3515; baseline 0.001 -26"><span class='ocrx_word' id='word_1_211' title='bbox 566 3417 709 3489; x_wconf 91' lang='grc' dir='ltr'>πίε.</span> <span class='ocrx_word' id='word_1_212' title='bbox 811 3416 991 3491; x_wconf 84' lang='lat' dir='ltr'><strong>Cum</strong></span> <span class='ocrx_word' id='word_1_213' title='bbox 1047 3422 1333 3512; x_wconf 84' lang='lat' dir='ltr'><strong>egressi</strong></span> <span class='ocrx_word' id='word_1_214' title='bbox 1399 3428 1687 3507; x_wconf 89' lang='lat' dir='ltr'><strong>essent,</strong></span> <span class='ocrx_word' id='word_1_215' title='bbox 1763 3418 2157 3515; x_wconf 81' lang='lat' dir='ltr'><strong>aliquisque</strong></span> <span class='ocrx_word' id='word_1_216' title='bbox 2223 3420 2593 3508; x_wconf 85' lang='lat' dir='ltr'><strong>indicaret,</strong></span> <span class='ocrx_word' id='word_1_217' title='bbox 2689 3438 2692 3443; x_wconf 70' lang='grc'><strong><em>’</em></strong></span> 
     </span>
     <span class='ocr_line' id='line_1_32' title="bbox 580 3513 2591 3614; baseline 0.002 -25"><span class='ocrx_word' id='word_1_218' title='bbox 580 3513 981 3591; x_wconf 78' lang='lat' dir='ltr'><strong>desiderari</strong></span> <span class='ocrx_word' id='word_1_219' title='bbox 1031 3541 1245 3592; x_wconf 82' lang='lat' dir='ltr'><strong>unum</strong></span> <span class='ocrx_word' id='word_1_220' title='bbox 1314 3520 1408 3591; x_wconf 83' lang='lat' dir='ltr'><strong>de</strong></span> <span class='ocrx_word' id='word_1_221' title='bbox 1458 3520 1797 3594; x_wconf 85' lang='lat' dir='ltr'><strong>militibus</strong></span> <span class='ocrx_word' id='word_1_222' title='bbox 1860 3517 2190 3614; x_wconf 77' lang='lat' dir='ltr'><strong>Bjornis,</strong></span> <span class='ocrx_word' id='word_1_223' title='bbox 2256 3517 2591 3593; x_wconf 75' lang='lat' dir='ltr'><strong>Palante-</strong></span> 
     </span>
     <span class='ocr_line' id='line_1_33' title="bbox 581 3612 2591 3713; baseline 0.002 -22"><span class='ocrx_word' id='word_1_224' title='bbox 581 3612 744 3691; x_wconf 80' lang='lat' dir='ltr'><strong>kius</strong></span> <span class='ocrx_word' id='word_1_225' title='bbox 795 3619 1227 3707; x_wconf 82' lang='lat' dir='ltr'><strong>ostendens,</strong></span> <span class='ocrx_word' id='word_1_226' title='bbox 1278 3623 1524 3693; x_wconf 43' lang='lat' dir='ltr'><strong>xminus</strong></span> <span class='ocrx_word' id='word_1_227' title='bbox 1594 3622 1826 3694; x_wconf 86' lang='lat' dir='ltr'><strong>damni</strong></span> <span class='ocrx_word' id='word_1_228' title='bbox 1888 3641 2029 3693; x_wconf 89' lang='lat' dir='ltr'><strong>non</strong></span> <span class='ocrx_word' id='word_1_229' title='bbox 2081 3623 2409 3713; x_wconf 85' lang='lat' dir='ltr'><strong>potuisse</strong></span> <span class='ocrx_word' id='word_1_230' title='bbox 2463 3643 2591 3694; x_wconf 79' lang='lat' dir='ltr'><strong>ex·</strong></span> 
     </span>
    </p>
   </div>
   <div class='ocr_carea' id='block_1_5' title="bbox 578 3720 2706 3816">
    <p class='ocr_par' dir='ltr' id='par_1_5' title="bbox 578 3720 2706 3816">
     <span class='ocr_line' id='line_1_34' title="bbox 578 3720 2706 3816; baseline 0.001 -25"><span class='ocrx_word' id='word_1_231' title='bbox 578 3722 923 3811; x_wconf 72' lang='lat' dir='ltr'><strong>spectari:</strong></span> <span class='ocrx_word' id='word_1_232' title='bbox 977 3742 1165 3794; x_wconf 86' lang='lat' dir='ltr'><strong>nunc</strong></span> <span class='ocrx_word' id='word_1_233' title='bbox 1212 3720 1653 3816; x_wconf 86' lang='lat' dir='ltr'><strong>relinquitur,</strong></span> <span class='ocrx_word' id='word_1_234' title='bbox 1705 3723 1948 3815; x_wconf 79' lang='lat' dir='ltr'><strong>inquit,</strong></span> <span class='ocrx_word' id='word_1_235' title='bbox 1996 3730 2076 3792; x_wconf 91' lang='lat' dir='ltr'><strong>ut</strong></span> <span class='ocrx_word' id='word_1_236' title='bbox 2118 3743 2326 3814; x_wconf 87' lang='lat' dir='ltr'><strong>quam</strong></span> <span class='ocrx_word' id='word_1_237' title='bbox 2355 3722 2590 3797; x_wconf 85' lang='lat' dir='ltr'><strong>celer·</strong></span> <span class='ocrx_word' id='word_1_238' title='bbox 2701 3790 2706 3793; x_wconf 83' lang='grc'><em>,</em></span> 
     </span>
    </p>
   </div>
   <div class='ocr_carea' id='block_1_6' title="bbox 579 3819 2592 4218">
    <p class='ocr_par' dir='ltr' id='par_1_6' title="bbox 579 3819 2592 4218">
     <span class='ocr_line' id='line_1_35' title="bbox 579 3819 2590 3915; baseline 0.001 -25"><span class='ocrx_word' id='word_1_239' title='bbox 579 3819 755 3891; x_wconf 79' lang='lat' dir='ltr'><strong>rime</strong></span> <span class='ocrx_word' id='word_1_240' title='bbox 808 3819 899 3893; x_wconf 84' lang='lat' dir='ltr'><strong>ad</strong></span> <span class='ocrx_word' id='word_1_241' title='bbox 950 3842 1172 3895; x_wconf 83' lang='lat' dir='ltr'><strong>naves</strong></span> <span class='ocrx_word' id='word_1_242' title='bbox 1208 3831 1493 3896; x_wconf 83' lang='lat' dir='ltr'><strong>nostras</strong></span> <span class='ocrx_word' id='word_1_243' title='bbox 1523 3821 2067 3896; x_wconf 75' lang='lat' dir='ltr'><strong>descendamus.</strong></span> <span class='ocrx_word' id='word_1_244' title='bbox 2166 3820 2590 3915; x_wconf 59' lang='lat' dir='ltr'><strong>Biorncon-</strong></span> 
     </span>
     <span class='ocr_line' id='line_1_36' title="bbox 579 3919 2591 4017; baseline 0 -22"><span class='ocrx_word' id='word_1_245' title='bbox 579 3926 722 3995; x_wconf 73' lang='lat' dir='ltr'><strong>tm:</strong></span> <span class='ocrx_word' id='word_1_246' title='bbox 806 3919 1337 4017; x_wconf 75' lang='lat' dir='ltr'><strong>haudquaquam</strong></span> <span class='ocrx_word' id='word_1_247' title='bbox 1389 3932 1465 3996; x_wconf 87' lang='lat' dir='ltr'><strong>tu</strong></span> <span class='ocrx_word' id='word_1_248' title='bbox 1521 3931 1712 3995; x_wconf 89' lang='lat' dir='ltr'><strong>tuum</strong></span> <span class='ocrx_word' id='word_1_249' title='bbox 1776 3919 2064 3995; x_wconf 85' lang='lat' dir='ltr'><strong>militem</strong></span> <span class='ocrx_word' id='word_1_250' title='bbox 2129 3923 2239 3994; x_wconf 89' lang='lat' dir='ltr'><strong>sic</strong></span> <span class='ocrx_word' id='word_1_251' title='bbox 2292 3925 2591 4003; x_wconf 83' lang='lat' dir='ltr'><strong>desere-</strong></span> 
     </span>
     <span class='ocr_line' id='line_1_37' title="bbox 580 4024 2592 4120; baseline 0.002 -27"><span class='ocrx_word' id='word_1_252' title='bbox 580 4040 726 4107; x_wconf 84' lang='lat' dir='ltr'><strong>res,</strong></span> <span class='ocrx_word' id='word_1_253' title='bbox 777 4024 843 4093; x_wconf 90' lang='lat' dir='ltr'><strong>si</strong></span> <span class='ocrx_word' id='word_1_254' title='bbox 896 4024 966 4095; x_wconf 91' lang='lat' dir='ltr'><strong>in</strong></span> <span class='ocrx_word' id='word_1_255' title='bbox 1015 4040 1174 4097; x_wconf 89' lang='lat' dir='ltr'><strong>mea</strong></span> <span class='ocrx_word' id='word_1_256' title='bbox 1224 4045 1442 4098; x_wconf 87' lang='lat' dir='ltr'><strong>causa</strong></span> <span class='ocrx_word' id='word_1_257' title='bbox 1490 4030 1741 4111; x_wconf 65' lang='lat' dir='ltr'><strong>esses,</strong></span> <span class='ocrx_word' id='word_1_258' title='bbox 1794 4041 2029 4119; x_wconf 87' lang='lat' dir='ltr'><strong>neque</strong></span> <span class='ocrx_word' id='word_1_259' title='bbox 2061 4043 2204 4120; x_wconf 83' lang='lat' dir='ltr'><strong>ego</strong></span> <span class='ocrx_word' id='word_1_260' title='bbox 2235 4024 2592 4110; x_wconf 82' lang='lat' dir='ltr'><strong>deseram,</strong></span> 
     </span>
     <span class='ocr_line' id='line_1_38' title="bbox 579 4121 2591 4218; baseline 0.001 -25"><span class='ocrx_word' id='word_1_261' title='bbox 579 4123 949 4214; x_wconf 76' lang='lat' dir='ltr'><strong>inquiens,</strong></span> <span class='ocrx_word' id='word_1_262' title='bbox 1028 4121 1405 4196; x_wconf 77' lang='lat' dir='ltr'><strong>confestim</strong></span> <span class='ocrx_word' id='word_1_263' title='bbox 1478 4126 1661 4194; x_wconf 87' lang='lat' dir='ltr'><strong>intro</strong></span> <span class='ocrx_word' id='word_1_264' title='bbox 1728 4126 1796 4197; x_wconf 88' lang='lat' dir='ltr'><strong>iu</strong></span> <span class='ocrx_word' id='word_1_265' title='bbox 1866 4121 2096 4197; x_wconf 84' lang='lat' dir='ltr'><strong>aulam</strong></span> <span class='ocrx_word' id='word_1_266' title='bbox 2164 4125 2591 4218; x_wconf 83' lang='lat' dir='ltr'><strong>regreditur.</strong></span> 
     </span>
    </p>
   </div>
  </div>
 </body>
</html>
