2950 4684
333 366 758 441 0103420&
896 373 1261 421 urs-rcum
1317 373 1835 423 ulum-nunnu-
2189 345 2368 435 317
2495 408 2498 413 .

333 552 551 627 basta
638 553 1291 627 transverberatum
1374 553 1586 626 dotali
1684 553 1985 628 vulnere
2080 557 2363 635 adfecit.

329 653 714 749 Tantaque
764 658 835 725 vi
888 655 1236 747 adegerat
1270 656 1567 756 hastam,
1617 666 1698 731 ut
1745 678 1892 727 rex
1930 655 2149 731 telum
2202 681 2368 749 cor-⁴

332 776 529 851 pore
592 758 950 848 recipiens
1018 777 1349 850 praeceps
1416 756 1923 830 collaberetur.
2023 756 2202 832 Tum
2255 765 2362 833 in-

336 876 535 948 gens
585 855 788 927 turba
843 860 1188 942 existere,
1240 867 1315 928 ut
1366 860 1436 927 in
1490 879 1572 928 re
1623 857 1889 945 subita,
1944 858 2133 931 haud
2185 864 2366 934 satis

336 956 776 1043 scientibus,
814 956 1010 1050 'quis
1078 956 1556 1035 bocsacinns*
1597 963 2088 1032 commisisset.
2183 958 2364 1033 Eiri-

336 1058 513 1143 an,
565 1055 802 1129 Lamb
832 1058 1091 1144 dictuS,
1142 1057 1331 1129 filius
1360 1058 1681 1130 Hakonis
1707 1057 2144 1139 Sunnevidae
2173 1061 2365 1133 Nor-

336 1161 540 1251 vegi,
595 1168 670 1231 ut
719 1167 884 1229 ante
936 1161 1273 1251 scriptum
1329 1170 1464 1245 est,
1517 1180 1748 1252 nepos
1804 1182 1895 1230 ex
1944 1160 2086 1233 filia
2136 1162 2365 1233 Eiriki

337 1257 556 1344 Boni,
609 1258 832 1329 Eiriki
888 1278 1066 1343 vero
1118 1260 1395 1333 Emunii
1450 1282 1547 1330 ex
1594 1282 1850 1330 sorore
1885 1283 2137 1354 nepoS,
2182 1286 2366 1356 prae·

338 1381 524 1431 sens
587 1362 658 1429 in
729 1362 1032 1430 comitiis
1085 1364 1553 1446 constitutus,
1622 1359 1850 1441 exiliit
1912 1372 1986 1432 et
2032 1363 2368 1454 gladium

343 1461 749 1530 destrinxit.
854 1459 985 1533 Cui
1042 1459 1364 1553 Plogus:
1435 1482 1528 1530 ne
1596 1471 1788 1532 tanto
1856 1465 2132 1554 impetu
2173 1486 2368 1551 ruaS,

339 1559 598 1631 Eirike
623 1556 876 1631 Lamb!
932 1560 1243 1651 gladium
1296 1565 1365 1632 in
1421 1565 1754 1653 vaginam‘
1800 1564 2160 1652 reconde3
2212 1569 2362 1658 pin-

342 1682 494 1753 gue
547 1658 818 1732 lardum
876 1659 1095 1737 lebeti
1145 1672 1268 1734 tuo
1323 1663 1588 1749 incidit,
1643 1656 2190 1739 modosorbere
2235 1687 2362 1737 no-

341 1764 565 1833 veris.
674 1759 859 1851 Quae
888 1762 1111 1834 verba
1134 1760 1417 1855 Plogus
1451 1764 1620 1834 ideo
1659 1763 1943 1835 locutus
1982 1774 2115 1850 est,
2170 1766 2362 1859 quod

340 1862 538 1934 huuc
588 1861 963 1948 bominem,
1016 1865 1132 1955 qui
1185 1867 1410 1954 gratia
1449 1866 1729 1948 civium,
1782 1874 1854 1933 ut
1891 1875 2141 1956 postea
2172 1887 2366 1936 com-

342 1972 627 2055 pertum
685 1972 819 2048 est,
870 1963 1203 2048 florebat,
1268 1986 1310 2033 a
1362 1965 1751 2055 principatu
1819 1967 2025 2055 regio
2077 1968 2363 2057 propin·

345 2060 600 2157 quuml
661 2081 830 2132 esse
873 2063 1279 2153 judicavit.-
1332 2061 1411 2131 ln
1464 2064 1762 2133 comitiis
1812 2065 2204 2155 impensius
2256 2077 2363 2137 tu-

343 2160 763 2232 mult-natum
821 2172 975 2246 est,
1045 2163 1272 2256 quod,
1340 2165 1502 2256 quis
1556 2184 1802 2255 regem
1858 2163 2366 2251 interfecisset,

342 2262 540 2334 haud
619 2266 763 2350 cito
824 2272 1102 2333 exacte
1185 2265 1528 2355 cognosci
1609 2268 1869 2356 potnit,
1950 2284 2176 2359 reque
2255 2268 2368 2347 sic

343 2375 754 2456 coniparata
825 2367 1080 2435 concio
1145 2364 1475 2454 digressa
1507 2396 1514 2405 ·
1544 2374 1673 2435 est.
1794 2363 2076 2456 Plogus
2142 2364 2366 2459 longo

197 2462 222 2475 ‘
345 2475 678 2557 tempore
729 2468 897 2536 vitae
944 2485 1099 2534 suae
1129 2463 1512 2549 consuluit,
1563 2462 1989 2558 laudemque
2018 2469 2150 2537 viri
2175 2479 2363 2538 stre-

348 2567 671 2636 nuissimi
723 2567 1156 2658 promeritus
1208 2574 1343 2634 est.
1460 2565 1750 2636 Eirikus
1800 2566 2144 2639 Emunius
2196 2588 2364 2662 qua·

346 2676 518 2735 tuor
568 2665 845 2736 hiemes
898 2686 1029 2735 rex
1078 2664 1331 2735 Daniae
1382 2664 1529 2736 fuit.
2339 2716 2345 2720 -

561 2764 726 2837 104.
804 2765 881 2837 lid
937 2767 1277 2857 temporis
1317 2763 1728 2858 complures
1780 2767 2104 2847 orantia
2134 2765 2367 2837 Dania

348 2866 516 2951 viri,
587 2870 706 2959 qui
778 2887 870 2936 ex
940 2864 1225 2951 familiis
1288 2867 1515 2958 regiis
1591 2866 1912 2950 oriundi,
1971 2876 2051 2936 ut
2116 2886 2369 2939 omnes

352 2975 567 3037 aetate
637 2988 844 3058 paene
913 2968 1118 3059 pueri
1182 2977 1416 3052 erant,
1487 2967 1580 3036 ita
1643 2986 1728 3035 se
1795 2987 2045 3037 omnes
2113 2966 2203 3037 ad
2245 2969 2369 3059 jus

351 3067 789 3159 principatus
861 3069 1041 3161 regii
1114 3088 1338 3160 prope
1407 3066 1764 3138 accedere
1834 3066 2369 3154 arbitrabantur,

350 3164 792 3252 Procerum,
847 3190 1140 3261 quornm
1192 3172 1566 3240 sententiae
1619 3168 2016 3254 variabant,
2085 3167 2214 3257 alii·
2255 3166 2370 3239 his

353 3266 768 3360 adstipulari
821 3267 1235 3354 voluerunt,
1286 3268 1405 3340 alii
1458 3278 1703 3340 contra
1756 3269 2117 3356 di2cebant3
2180 3267 2371 3361 quod

353 3368 514 3440 sere
567 3389 705 3440 usu
757 3372 1006 3441 venire
1062 3368 1286 3456 solet,
1356 3379 1434 3440 ut
1500 3375 1570 3438 in
1639 3390 1845 3439 unam
1903 3389 2153 3438 omnes
2203 3387 2371 3437 sen-

352 3472 641 3547 tentiam
710 3490 851 3539 non
920 3478 1331 3550 transeant,
1402 3467 1826 3553 Valdemar,
1889 3466 2079 3539 filius
2147 3467 2376 3538 sancti

353 3566 934 3652 KnutiLavardi,
987 3578 1133 3638 tum
1187 3571 1256 3637 in
1286 3568 1584 3638 Daniam
1639 3573 1966 3655 venerat3
2018 3570 2109 3654 is,
2162 3589 2374 3660 quum

354 3689 492 3738 rex
542 3669 834 3753 Eirikus
886 3669 1268 3754 EmaniuS,
1336 3678 1628 3761 patruus
1693 3671 1885 3760 ejnS,
1951 3666 2374 3747 interfectus

358 3777 499 3854 est,
534 3778 718 3841 octo
772 3790 1113 3841 annorum
1170 3778 1344 3840 erat.
1446 3764 1983 3841 Sveinnomen
2024 3778 2179 3838 erat
2227 3766 2374 3841 filio

352 3867 580 3949 Eiriki
631 3868 926 3945 Emnnii.
1028 3867 1233 3951 Filio„
1265 3870 1515 3961 Magni
1568 3868 1875 3951 Robusti
1926 3865 2207 3940 Nicolai
2258 3865 2381 3937 filii

355 3991 615 4047 nomen
669 3980 824 4041 erat
854 3969 1120 4057 Knuto,
1173 3974 1377 4064 eujus
1432 3978 1659 4043 mater
1711 3980 1865 4047 erat
1904 3968 2180 4054 Rikiza,
2231 3966 2378 4038 Bu-

355 4068 601 4142 rizlavi
626 4070 1051 4145 Vendornm
1079 4075 1278 4164 regis
1315 4069 1470 4149 filia.
1577 4066 1860 4143 Olavus
1915 4089 2170 4152 nomen
2225 4073 2381 4161 erat

429 4195 479 4263 ¹)
517 4200 836 4268 proximum,
879 4200 940 4266 C,
969 4200 1025 4258 S,
1062 4198 1119 4251 V.
1238 4260 1243 4267 ὓ
1895 4191 1901 4194 ⁴
