2950 4684
360 290 437 354 G.
468 286 610 354 2-3.
884 293 985 341 nn
1028 292 1341 343 mam-1⁸
1388 294 1870 344 senensium.
2319 262 2380 355 'U

356 497 571 570 quam
640 495 731 545 ea
796 472 1248 567 praedixerat.
1385 474 1488 546 Ut
1552 497 1734 548 vero
1799 479 2063 568 ingruit
2125 477 2376 565 fames,

357 574 537 646 nihil
589 595 829 668 neque
896 575 1076 667 ipsis
1148 575 1411 661 damni,
1479 597 1719 670 neque
1788 582 2058 650 ceteris
2125 578 2377 665 attulit,

354 680 481 771 qui
531 695 761 768 prope
816 695 951 745 eos
1000 677 1072 744 in
1096 674 1331 746 Dania
1380 675 1807 763 habitabant,
1858 689 2154 772 propter
2183 700 2374 750 eom-

357 787 640 848 meatus
689 772 778 845 ab
832 777 1008 866 ipsis
1061 779 1434 867 provisos:
1512 799 1667 847 nam
1722 777 2048 850 omnibus
2099 779 2375 852 civibus

358 897 681 967 magnam
751 876 1025 968 cupiam
1096 897 1336 946 rerum
1404 881 1974 950 necessariarum
2037 880 2374 951 submini-

356 976 694 1048 strabant.
826 974 1008 1045 Hine
1070 974 1339 1066 Thyria
1410 998 1664 1048 omnes
1731 988 2127 1066 matronaS,
2191 1002 2375 1075 quas

358 1077 592 1148 Dania
641 1075 962 1160 tulisset,
1019 1076 1390 1167 prudentia
1443 1099 1794 1170 superare
1847 1079 2069 1171 vulgo
2125 1084 2373 1151 existi-

359 1187 546 1249 mata
598 1186 736 1262 est,
786 1197 1188 1268 nomenque
1256 1176 1863 1249 Danmarlcarbcit
1931 1178 2212 1271 (Daniae
2265 1180 2373 1251 ie-

360 1287 763 1350 vamentnm
836 1299 901 1346 v.
971 1280 1485 1372 ornamentum)
1571 1280 1831 1372 adepta
1915 1290 2048 1349 est.
2180 1281 2376 1374 Regi

359 1378 639 1450 Germe
694 1385 768 1447 et
816 1373 1110 1467 Thyriae
1165 1376 1305 1447 duo
1359 1377 1568 1448 suere
1636 1379 1796 1464 filii,
1862 1401 2162 1472 quorum
2231 1404 2373 1452 ma-

350 1481 497 1571 jori
568 1487 734 1548 natu
797 1498 1056 1546 nomen
1128 1489 1282 1547 erat
1347 1477 1633 1566 Knum,
1720 1483 1972 1552 minori
2040 1479 2373 1552 Haraldn.

358 1576 686 1669 Quorum
741 1600 898 1649 eum
951 1588 1258 1670 uterque
1313 1601 1629 1671 magnam
1683 1584 1795 1652 sui
1848 1601 2050 1674 spem
2078 1582 2375 1668 iaceret,

357 1689 595 1750 tamen
645 1677 930 1748 Knutus
984 1681 1056 1746 in
1105 1680 1407 1770 pueritia
1456 1680 1678 1751 fratre
1729 1683 2146 1774 prudentior
2200 1693 2374 1771 erat,

356 1789 440 1849 et
488 1778 880 1871 plerusque
931 1778 1258 1848 homiues
1311 1779 1806 1871 pulcritudine,
1860 1786 2185 1876 eorporis
2225 1787 2371 1854 ani-

356 1882 599 1972 mique
642 1881 1072 1970 proestantia,
1126 1882 1519 1972 peritiaque
1550 1885 1853 1953 omnium
1889 1886 2163 1969 artium,
2213 1907 2373 1977 quae

358 2001 455 2050 eo
505 1989 830 2071 tempore
885 1978 1329 2064 colebantur,
1379 1985 1782 2072 superavit3
1833 1983 2018 2051 idem
2053 1982 2220 2052 albo
2251 2004 2372 2054 eo-

359 2079 522 2151 lore
575 2082 1050 2171 conspicuus,
1119 2081 1292 2148 artis
1360 2088 1773 2173 naturaeque
1841 2080 2051 2152 honis
2122 2103 2373 2154 omnes

358 2178 813 2266 antecelluit3
867 2178 1185 2250 adolevit
1234 2179 1421 2271 apud
1475 2202 1684 2250 avum
1738 2202 1945 2252 suum
2002 2182 2370 2275 dynastam

359 2278 745 2352 Haraldum
796 2279 1214 2365 Klakkium‚
1285 2283 1406 2372 qui
1466 2280 1777 2352 Knutum
1847 2284 2178 2354 educavit
2227 2307 2370 2356 ma-

362 2401 653 2473 gnoque
683 2402 926 2450 amore
960 2379 1247 2467 dilexit3
1280 2382 1349 2448 in
1381 2380 1872 2452 adolescentia
1901 2383 2090 2475 apud
2121 2405 2371 2457 omnes

360 2484 722 2573 gratiosus
790 2480 936 2551 fuit.
1067 2479 1422 2551 Haraldus
1492 2491 1726 2554 autem
1794 2485 1862 2552 in
1927 2481 2089 2554 aula
2150 2488 2372 2577 patris

360 2582 734 2666 edueatuS‚
785 2581 1005 2653 fratre
1061 2579 1281 2651 multo
1334 2581 1464 2651 fuit
1504 2584 1766 2673 Juni0r‚
1818 2587 2182 2678 primaque
2228 2591 2369 2677 jam

361 2693 575 2754 aetate
624 2681 894 2752 ferocis
944 2702 1031 2752 ae
1082 2682 1533 2767 vehementis
1583 2685 1890 2774 ingenii,
1944 2693 2018 2755 et
2069 2694 2371 2755 tractatu

358 2781 702 2852 difficilis:
773 2804 910 2876 qua
959 2804 1042 2853 re
1095 2781 1353 2852 factum
1409 2793 1554 2866 est,
1622 2791 1697 2851 ut
1760 2785 1831 2850 in
1884 2782 2373 2854 adolescentia

359 2903 613 2954 omnes
660 2905 707 2952 a
756 2903 843 2952 se
895 2882 1257 2953 alienaret.

456 3034 459 3039 -
560 2981 630 3052 3.
730 2979 992 3054 Fertur
1055 3004 1190 3053 rex
1256 2980 1573 3052 Gurmus
1642 2979 1925 3074 legatos
1988 2983 2368 3077 aliquando

356 3082 450 3152 ad
518 3103 851 3153 socerum
917 3082 1298 3153 Haraldum
1368 3084 1690 3167 misisse,
1758 3104 2062 3177 eumque
2124 3087 2215 3154 ad
2282 3105 2369 3156 se

356 3185 704 3254 invitasse
754 3183 843 3254 ad
890 3182 1180 3276 jolense
1234 3184 1653 3253 convivium.
1755 3181 2077 3275 Accepta
2125 3186 2368 3255 eondi-

357 3286 558 3354 tione
612 3283 912 3374 dynasta
964 3305 1050 3355 se
1103 3285 1423 3376 proxima
1477 3286 1880 3375 insequenti
1929 3282 2167 3354 hieme
2199 3306 2368 3355 eon-

357 3386 554 3456 vivio
604 3384 1007 3456 adfuturum
1062 3385 1414 3477 promisit3
1486 3404 1627 3476 quo
1681 3383 1868 3454 facto
1920 3385 2210 3455 rediere
2263 3384 2367 3455 le-

358 3486 531 3576 gatti,
582 3488 882 3578 regique
945 3498 1318 3556 venturum
1390 3493 1738 3576 satrapam
1808 3485 1897 3555 ad
1967 3488 2368 3559 convivium

357 3587 864 3655 renuntiarunt.
968 3584 1290 3678 Cumque
1343 3585 1641 3655 adesset
1691 3593 1994 3677 tempuS,
2045 3609 2187 3679 quo
2237 3586 2367 3677 dy-

356 3695 561 3755 nasta
611 3706 700 3756 se
751 3688 985 3756 itineri
1054 3686 1267 3757 demo
1331 3689 1778 3776 accingeret,
1849 3685 2101 3778 quales
2171 3684 2368 3756 libuit

358 3787 637 3856 itineris
698 3789 997 3857 comites
1064 3786 1157 3858 ad
1243 3788 1639 3854 convivium
1695 3784 1999 3877 delegit,
2069 3805 2364 3878 quorum

357 3905 701 3956 numerus
751 3891 1110 3957 memoriae
1162 3906 1302 3956 non
1356 3883 1682 3976 proditus
1736 3893 1868 3955 est.
1968 3883 2062 3954 Hi
2111 3904 2362 3954 susee-

354 3993 557 4079 ptum
603 3987 747 4059 iter
798 3988 1340 4074 contenderunt,
1385 3984 1620 4056 donee
1645 3985 1733 4056 ad
1764 3986 1993 4056 sinum
2021 3980 2363 4057 Limieum
