2950 4684
363 305 451 367 c,
486 303 719 370 97.99,
955 308 1320 357 maroam
1374 309 1893 371 [normanum.
2233 281 2408 370 811

368 498 533 576 est,
589 490 868 561 cecidit.
970 487 1174 561 Tunc
1223 512 1265 561 a
1335 498 1563 561 morte
1614 489 1831 563 Knuti
1881 487 2189 563 Lavardi
2237 515 2408 588 quaa,

368 599 564 663 tuor
615 591 897 662 hiemes
946 588 1213 684 elapsae
1269 600 1489 662 eran-t.
1563 590 1566 599 '

859 688 1034 762 Rex
1084 690 1449 764 Nic-olaus
1496 690 1957 783 interfectus.

599 790 720 862 98.
820 791 985 862 Rex
1041 792 1386 864 Nicolaus
1438 814 1484 863 e
1538 793 1791 887 proelio
1842 790 2284 878 Fotvikensi,
2338 807 2413 864 ut

372 901 608 964 antea
659 893 956 977 dictum,
1031 892 1419 986 profuguS,
1504 914 1663 965 eum
1716 892 1986 988 aliquot
2035 895 2211 964 viris
2264 893 2411 965 ela·

376 1014 575 1088 psus
626 996 697 1064 in
749 997 1001 1079 navim,
1028 994 1394 1065 meridiem
1464 1016 1726 1066 versus
1788 997 1857 1064 in
1906 991 2170 1064 Jotiam
2240 1014 2409 1064 con-

376 1093 642 1166 tendit.
742 1091 1192 1186 Heidabyum
1246 1117 1404 1166 cum
1459 1097 1706 1188 paucis
1755 1094 2146 1187 profectuS,
2198 1117 2409 1188 quum

376 1194 730 1289 oppidum
794 1192 1318 1282 adveheretur,
1387 1196 1628 1267 audito
1696 1195 2018 1266 tubarum
2083 1197 2410 1288 strepitu,

380 1298 627 1366 omnis
680 1297 975 1387 generis
1024 1294 1262 1367 fidium
1317 1306 1551 1382 cantu,
1603 1298 1994 1389 tinnituque
2047 1316 2410 1388 campana-

381 1417 577 1482 rum,
626 1416 763 1465 rex
812 1394 1160 1468 Nicolaus
1210 1396 1490 1468 locutus
1543 1406 1693 1467 est:
1764 1396 1904 1467 hoc
1971 1394 2133 1466 loco
2202 1418 2412 1488 quum

381 1495 748 1568 adventus
800 1504 1050 1566 noster
1099 1496 1400 1590 pulsatis
1428 1499 1786 1591 campanis
1818 1508 1893 1566 et
1929 1505 2136 1567 cantu
2174 1495 2410 1566 fidium

384 1595 835 1682 celebretur,
885 1596 1139 1668 incolae
1191 1597 1377 1669 haud
1430 1598 1643 1669 dubie
1697 1619 1832 1669 nos
1884 1595 2278 1668 liberaliter
2328 1619 2411 1667 ac

383 1695 778 1791 splendide
850 1701 1249 1794 excipient,
1318 1699 1637 1794 nullique
1710 1701 1817 1770 rei
1872 1707 2197 1791 parcent,
2265 1706 2411 1791 ,quo

387 1801 626 1891 magis
678 1801 947 1884 omnia,
1017 1822 1174 1893 quae
1239 1804 1553 1894 possint,
1621 1798 2115 1893 hospitalitatis
2181 1797 2413 1869 officia

388 1898 609 1969 uobis
661 1898 1064 1970 exhibeant.
1139 1900 1274 1971 Hic
1306 1900 1493 1992 Regi
1547 1899 1833 1993 aliquis:
1888 1909 1962 1969 tu
2014 1919 2195 1969 vero
2231 1902 2412 1990 'jam-

389 1998 664 2070 dudum
729 1997 916 2070 haud
1000 2000 1319 2092 prudens
1389 2022 1513 2085 eS,
1614 1998 2202 2093 quemadmodum
2274 1997 2410 2068 hac

388 2101 608 2169 etiam
641 2120 723 2169 re
742 2109 1059 2193 apparet,
1094 2104 1212 2193 qui
1258 2109 1330 2170 te
1370 2099 1506 2171 hoc
1539 2098 1727 2184 loco,
1780 2121 1918 2192 quo
1949 2100 2165 2169 intimi
2196 2097 2413 2169 Knuti

387 2197 707 2271 Lavardi
776 2203 980 2271 amici
1058 2210 1479 2286 versantur,
1568 2199 1957 2271 honorifice
2035 2209 2410 2294 exceptum

387 2304 485 2373 iri
536 2303 885 2394 opineris3
954 2310 1024 2372 at
1077 2321 1218 2394 ego
1269 2322 1448 2372 vero
1503 2300 1802 2372 similius
1856 2301 2212 2387 duxerim,
2276 2298 2413 2372 alia

391 2423 700 2498 prorsus
752 2413 825 2473 te
896 2401 1036 2473 hoc
1100 2401 1264 2472 loco
1330 2424 1641 2473 manere.
1758 2400 2017 2495 Neque
2086 2423 2265 2473 vero
2321 2424 2411 2473 eo

391 2507 629 2575 minus
682 2503 1013 2596 oppidum
1069 2505 1330 2574 invecti
1382 2514 1566 2574 sunt.
1671 2502 2115 2594 Versabatur
2148 2500 2411 2573 Heida-

390 2603 524 2697 -byi
585 2606 840 2695 ingens
910 2603 1258 2675 hominum
1332 2626 1712 2689 numerus,
1802 2603 2273 2674 versabantur
2340 2614 2415 2674 et

400 2702 633 2790 multi,
716 2706 839 2798 qui
903 2703 1124 2776 Knuti
1191 2701 1496 2775 Lavardi
1562 2707 1763 2775 amici
1842 2713 2046 2774 antea
2112 2703 2412 2774 fuerant.

398 2804 545 2896 Qui
599 2827 810 2897 quum
861 2804 1042 2875 sama
1112 2808 1666 2897 cognovissent,
1736 2825 1988 2897 regem
2037 2802 2410 2875 Nicolaum

399 2904 849 2997 lleidabyum
901 2906 1326 2991 adfuturum,
1378 2927 1630 2977 omnes
1662 2905 1986 2976 homines
2017 2907 2085 2974 in
2142 2904 2410 2997 oppido

400 3013 779 3077 versantes
831 3009 1017 3097 (erat
1068 3015 1233 3078 tunc
1260 3006 1520 3078 ibidem
1555 3029 1802 3099 magna
1840 3003 2199 3075 Saxonum
2233 3003 2410 3076 mul·

400 3105 656 3198 titudo)
725 3105 1059 3179 auxilium
1129 3117 1581 3201 rogaverunt.
1694 3107 1932 3199 Atque
1999 3128 2212 3199 quum
2278 3128 2413 3177 rex

399 3205 747 3278 Nicolaus
800 3209 870 3277 in
922 3230 1144 3300 grave
1199 3210 1434 3281 odium
1489 3207 1863 3280 multorum
1888 3209 2033 3298 jam
2070 3210 2410 3277 incurris-
2525 3260 2532 3263 -

396 3317 537 3394 set,
589 3306 846 3378 factum
903 3320 1052 3395 est,
1124 3320 1201 3381 ut
1254 3333 1412 3381 eum
1484 3314 1553 3379 in
1622 3308 1952 3400 oppidum
2007 3310 2408 3397 ingressum

394 3407 768 3503 extemplo
852 3410 1438 3500 adgrederentur.
1567 3404 1792 3498 Igitur
1871 3427 2000 3475 rex
2062 3403 2413 3479 Nicolaus

395 3513 611 3582 vivus
661 3518 935 3602 captus,
986 3509 1313 3600 factaque
1362 3507 1790 3577 sacerdotes
1847 3506 2155 3576 adeundi
2207 3509 2412 3601 copia

399 3618 715 3681 necatus.
807 3607 988 3680 Tum
1041 3631 1175 3679 rex
1228 3606 1461 3676 fuerat
1512 3605 1789 3676 hiemes
1844 3609 2140 3703 triginta.

765 3707 1081 3782 Eirilcus
1126 3704 1493 3779 Emanius
1542 3729 1683 3778 rex
1735 3718 2049 3780 creatam.

602 3808 723 3882 99.
821 3808 1009 3881 Post
1077 3828 1326 3879 necem
1378 3811 1577 3901 regis
1628 3808 1904 3881 Nicolai
1957 3807 2242 3879 Eirikus
2293 3807 2409 3878 Ei-

398 3911 534 3982 riki
587 3909 798 3997 filiuS,
850 3909 1215 3983 voluntate
1273 3920 1346 3982 et
1386 3930 1748 3981 consensu
1784 3907 2049 4003 populi,
2102 3928 2234 3978 rex
2265 3907 2409 3983 Da·

398 4013 535 4082 niae
589 4033 723 4105 per
772 4020 992 4086 totum
1045 4033 1340 4107 regnum
1396 4019 1684 4083 creatus
1740 4020 1872 4081 est.
1973 4009 2147 4080 Erat
2196 4029 2410 4079 seve-

399 4131 573 4210 rus,
635 4112 1014 4207 rigideque
1067 4134 1312 4208 poenas
1365 4112 1453 4184 ah
1510 4109 1869 4197 omnihuS‚
1939 4112 2057 4205 qui
2125 4112 2194 4181 in
2249 4131 2410 4205 eum
