2950 4684
621 342 730 436 18
1123 370 1221 418 nn
1264 366 1590 417 ernnus-
1625 364 2102 434 somnusmus.
2460 365 2532 426 c,
2558 361 2619 428 6.

616 568 1128 633 controversas
1180 564 1422 625 mutuo
1463 572 1865 644 congressu
1898 552 2225 642 transigig
2278 549 2426 620 hoc
2449 569 2628 644 quo·-

614 680 755 754 qve
823 657 939 727 bis
1006 656 1346 725 mandatis
1414 655 1750 737 accedat,
1824 653 2117 745 inquit,
2150 662 2222 721 te
2286 653 2628 721 statuisse

512 818 515 821 .
613 762 892 852 nuptias
944 766 1213 850 petere
1252 750 1658 839 Gunnildae,
1713 748 1960 822 mat'ris
2014 754 2202 843 eJ‘us3
2253 752 2457 843 cujus
2486 771 2630 843 ego

611 862 971 976 inge-nima
1004 858 1192 940 novi,
1235 876 1412 940 eam,
1453 846 2336 961 ᾳυ3ιιινί8ιιοιιιιίιιι13ιιιιιε
2366 873 2627 944 pr-ove

614 971 816 1045 etam,
894 961 957 1027 si
1033 956 1219 1026 haec
1258 958 1620 1048 proposita
1687 950 1985 1037 fuerint,
2048 952 2323 1022 summo
2387 953 2626 1023 studio

614 1052 833 1130 filium
883 1058 971 1128 ad
1016 1057 1591 1149 suscipiendum
1613 1054 1752 1125 hoe
1789 1056 1929 1131 iter,
1961 1053 2430 1123 hortaturam:
2483 1055 2623 1123 sci-

613 1152 785 1230 licet
830 1164 983 1250 jam
1041 1150 1307 1229 dudunt
1354 1159 1664 1225 virorum
1720 1154 2170 1246 appetentior
2226 1156 2625 1225 existimata

617 1269 759 1345 est3
814 1277 949 1326 nos
1000 1274 1181 1327 vero
1234 1267 1307 1326 te
1362 1258 1547 1325 omni
1602 1276 1822 1349 opera
1861 1252 2367 1346 adJuvabimus.
2481 1251 2622 1324 Ha·
2705 1286 2712 1292 ·

619 1358 831 1428 raldo
875 1376 1054 1427 vero
1108 1356 1424 1442 Auroso,
1479 1358 1719 1448 nepoti
1774 1364 1933 1440 tuo,
1989 1354 2125 1423 hoc
2175 1353 2524 1440 tribuite,
2543 1363 2624 1423 ut

617 1462 686 1528 ei
742 1459 1094 1529 dimidiam
1146 1451 1414 1549 partem
1473 1449 1928 1545 Norvegiae,
1957 1453 2119 1524 milri
2170 1448 2459 1524 aiteram
2509 1448 2623 1522 ssi-

611 1560 914 1645 midiam,
969 1556 1371 1642 concedas,
1409 1561 1488 1627 si
1524 1548 1913 1629 Haraldum
1959 1550 2378 1627 Grafeldum
2433 1555 2524 1625 ita
2580 1572 2623 1623 e

617 1656 853 1729 medio
923 1656 1185 1728 tollere
1253 1660 1685 1750 poterimuS,
1754 1667 1831 1725 ιιι
1899 1654 2135 1749 'neque
2198 1666 2313 1740 tu,
2345 1674 2626 1748 neque

612 1756 873 1831 milites
923 1762 1017 1830 tui
1077 1762 1141 1828 ei
1194 1761 1486 1850 negotio
1538 1756 2002 1850 implicentur.
2103 1753 2264 1825 Tibi
2305 1758 2622 1826 vicissim

613 1883 748 1931 nos
801 1859 1029 1945 ambo,
1083 1857 1437 1929 Haraldns
1469 1856 1802 1928 Aurosus
1858 1866 2149 1948 etego,
2205 1854 2625 1948 pollicemur

613 1961 813 2047 fore,
842 2008 849 2013 ‚
883 1969 960 2030 ut
1009 1960 1098 2030 ad
1149 1968 1222 2030 te
1266 1969 1461 2028 tanta
1517 1978 1609 2027 ex
1659 1951 2026 2049 Nor-vegia
2078 1955 2456 2048 vectigalia
2503 1976 2622 2025 re·-

617 2063 867 2147 deant‚
936 2071 1189 2154 quanta
1242 2080 1425 2131 nunc
1475 2057 1913 2129 recensebo·
2000 2060 2061 2128 si
2129 2056 2269 2127 hoc
2321 2072 2622 2148 regnum

615 2166 685 2231 in
737 2171 1043 2230 nostram
1099 2163 1344 2230 veniet
1372 2169 1821 2252 potestatem,
1875 2160 2270 2251 pendemus
2300 2157 2419 2227 fibi
2452 2176 2622 2228 cen-

612 2271 759 2331 tum
808 2262 1081 2350 viginti
1105 2261 1258 2331 auri
1322 2258 1631 2329 selibras
1675 2269 1758 2327 et
1807 2260 2180 2363 sexaginta
2217 2260 2621 2375 accipitres.

616 2358 801 2461 Quae
857 2358 1177 2444 consilia,
1230 2380 1271 2428 a
1323 2379 1437 2427 me
1477 2356 1574 2427 ιιι
1615 2354 1918 2427 medium
1957 2354 2282 2450 prolata,
2287 2402 2294 2405 -
2336 2352 2402 2435 si
2453 2374 2622 2430 suc-

615 2454 900 2544 cedent,
953 2479 1087 2530 nos
1141 2479 1392 2537 omnes
1446 2456 1676 2550 gloria
1730 2469 1804 2528 et
1851 2457 2148 2528 honore
2183 2457 2619 2548 augebimur.

614 2559 779 2630 Rex
818 2558 1184 2639 Haraldus
1236 2560 1321 2630 ad
1379 2558 1572 2628 haec.
1628 2558 1784 2628 baec
1834 2562 2047 2628 ratio
2065 2552 2228 2628 mihi
2279 2557 2511 2629 baud
2494 2584 2618 2629 ιιιι-

616 2658 980 2761 probanda
1045 2661 1366 2745 videtur,
1449 2679 1676 2752 eaque
1747 2656 1902 2730 rata
1967 2669 2129 2729 esto
2196 2669 2269 2729 et
2335 2660 2616 2746 confiat,

614 2746 829 2831 modo
881 2760 1163 2832 fortuna
1215 2764 1464 2853 coeptis
1516 2761 1884 2853 adspirare
1935 2758 2132 2831 velit.
2231 2758 2407 2831 Haec
2441 2763 2617 2854 quo-

618 2883 758 2956 que
829 2861 1103 2935 consilii
1168 2865 1348 2933 ratio
1414 2860 1758 2932 Haraldo
1807 2882 2073 2933 aurose
2150 2854 2621 2933 vehementer

616 2960 912 3052 placuit,
977 2960 1233 3054 hisque
1297 2964 1475 3032 actis
1543 2983 1634 3035 ex
1702 2962 2007 3032 concilio
2074 2962 2382 3063 digressi
2434 2972 2617 3034 sunt.

612 3059 873 3152 Neque
924 3058 1144 3130 multo
1196 3071 1362 3153 post
1410 3081 1543 3131 rex
1594 3060 1950 3131 Haraldus
1997 3082 2247 3132 navem
2279 3080 2622 3155 apparan-

619 3159 776 3229 dam
830 3168 1050 3243 curat,
1101 3158 1402 3230 faselum
1455 3163 1814 3261 majorem,
1865 3159 2194 3258 huncque
2248 3167 2619 3256 sexaginta

612 3261 786 3330 viris
837 3258 1134 3331 instruit.
1264 3258 1405 3351 Qui
1471 3271 1548 3331 ut
1609 3264 1831 3363 parati
1885 3272 2105 3348 erant,
2158 3265 2297 3333 iter
2345 3266 2618 3335 institu-

614 3370 756 3430 tum
809 3358 1139 3430 feliciter
1168 3353 1646 3454 perfecerunt,
1698 3380 1944 3454 regem
1998 3362 2377 3435 Haraldum
2434 3364 2618 3435 Gra-

613 3457 882 3529 feldum
944 3463 1014 3529 in
1077 3461 1446 3553 Norvegia
1515 3473 2035 3549 convenerunt,
2102 3468 2624 3561 commissaque

614 3558 752 3628 sihi
801 3560 1127 3632 mandata
1175 3583 1411 3633 coram
1469 3583 1560 3633 eo
1616 3574 2170 3657 exposuerunt.
2233 3564 2620 3636 Gunnildae

616 3658 1037 3751 significant,
1090 3675 1336 3754 regem
1390 3660 1770 3734 Haraldum
1798 3660 2048 3734 Gorr‘ni
2085 3663 2300 3735 filium
2338 3668 2620 3779 nuptias

616 3763 774 3852 ejus
843 3761 1278 3832 ambiturum.
1417 3760 1633 3853 Quod
1699 3785 1857 3834 cum
1924 3760 2287 3853 audisset,
2356 3760 2619 3854 evenit,

612 3860 806 3953 quod
845 3864 1258 3965 suspicatus
1311 3873 1486 3949 erat,
1538 3874 1615 3934 ut
1663 3862 1878 3935 filium
1932 3859 2314 3936 Har-aldum
2332 3855 2427 3936 'a'd
2482 3856 2634 3956 iter·

611 3956 1053 4033 hortaretur:
1124 3983 1420 4067 censeo,
1471 3966 1713 4058 inquit,
1764 3965 1904 4033 iter
1952 3982 2092 4034 non
2141 3966 2614 4037 differendum

613 4057 799 4149 (nam
843 4076 996 4152 ego
1019 4058 1294 4134 interea
1322 4054 1822 4156 rempublicat'n
1850 4060 2375 4154 administrabo,
2420 4068 2615 4162 quod

608 4161 981 4253 tantisper
1007 4178 1147 4231 non
1192 4161 1452 4239 frustra
1481 4158 1788 4234 futurum
1826 4164 2184 4260 arbitr-or),
2235 4168 2369 4247 scd
2396 4186 2614 4297 quan-
